
  
  
  
  
  
  
  
 
  
  <record xsi:schemaLocation="http://www.loc.gov/MARC21/slim http://www.loc.gov/standards/marcxml/schema/MARC21slim.xsd">
      <leader>00000cam a2200601 i 4500</leader>
      <controlfield tag="FMT">BK</controlfield>
      <controlfield tag="LDR">00000cam a2200601 i 4500</controlfield>
      <controlfield tag="001">004258727</controlfield>
      <controlfield tag="003">OCoLC</controlfield>
      <controlfield tag="005">20160302131015.0</controlfield>
      <controlfield tag="008">160301s1979    it a     b    010 0 ita</controlfield>
      <datafield tag="010" ind1=" " ind2=" ">
         <subfield code="a">80464964</subfield>
      </datafield>
      <datafield tag="015" ind1=" " ind2=" ">
         <subfield code="a">It80-Jan</subfield>
      </datafield>
      <datafield tag="035" ind1=" " ind2=" ">
         <subfield code="a">(OCoLC)6222934</subfield>
         <subfield code="z">(OCoLC)6206280</subfield>
      </datafield>
      <datafield tag="040" ind1=" " ind2=" ">
         <subfield code="a">DLC</subfield>
         <subfield code="b">eng</subfield>
         <subfield code="c">DLC</subfield>
         <subfield code="d">NLGGC</subfield>
         <subfield code="d">OCLCG</subfield>
         <subfield code="d">SPUDB</subfield>
         <subfield code="d">OCLCA</subfield>
         <subfield code="d">OCLCO</subfield>
         <subfield code="d">OCLCQ</subfield>
         <subfield code="d">ZCU</subfield>
         <subfield code="d">OCLCO</subfield>
         <subfield code="d">NNU</subfield>
      </datafield>
      <datafield tag="041" ind1="0" ind2=" ">
         <subfield code="a">ita</subfield>
         <subfield code="a">eng</subfield>
         <subfield code="a">fre</subfield>
         <subfield code="a">ger</subfield>
         <subfield code="a">spa</subfield>
      </datafield>
      <datafield tag="043" ind1=" " ind2=" ">
         <subfield code="a">e------</subfield>
         <subfield code="a">aw-----</subfield>
         <subfield code="a">ff-----</subfield>
      </datafield>
      <datafield tag="050" ind1="0" ind2="0">
         <subfield code="a">Z105</subfield>
         <subfield code="b">.P28</subfield>
      </datafield>
      <datafield tag="082" ind1="0" ind2="0">
         <subfield code="a">091</subfield>
      </datafield>
      <datafield tag="084" ind1=" " ind2=" ">
         <subfield code="a">06.10</subfield>
         <subfield code="2">bcl</subfield>
      </datafield>
      <datafield tag="245" ind1="0" ind2="0">
         <subfield code="a">Palaeographica diplomatica et archivistica :</subfield>
         <subfield code="b">studi in onore di Giulio Battelli /</subfield>
         <subfield code="c">a cura della Scuola speciale per archivisti e bibliotecari dell'Università di Roma.</subfield>
      </datafield>
      <datafield tag="260" ind1=" " ind2=" ">
         <subfield code="a">Roma :</subfield>
         <subfield code="b">Edizioni di storia e letteratura,</subfield>
         <subfield code="c">1979.</subfield>
      </datafield>
      <datafield tag="300" ind1=" " ind2=" ">
         <subfield code="a">2 volumes :</subfield>
         <subfield code="b">illustrations ;</subfield>
         <subfield code="c">25 cm.</subfield>
      </datafield>
      <datafield tag="336" ind1=" " ind2=" ">
         <subfield code="a">text</subfield>
         <subfield code="b">txt</subfield>
         <subfield code="2">rdacontent</subfield>
      </datafield>
      <datafield tag="337" ind1=" " ind2=" ">
         <subfield code="a">unmediated</subfield>
         <subfield code="b">n</subfield>
         <subfield code="2">rdamedia</subfield>
      </datafield>
      <datafield tag="338" ind1=" " ind2=" ">
         <subfield code="a">volume</subfield>
         <subfield code="b">nc</subfield>
         <subfield code="2">rdacarrier</subfield>
      </datafield>
      <datafield tag="490" ind1="1" ind2=" ">
         <subfield code="a">Storia e letteratura ; 139-140</subfield>
      </datafield>
      <datafield tag="500" ind1=" " ind2=" ">
         <subfield code="a">English, French, German, Italian or Spanish.</subfield>
      </datafield>
      <datafield tag="504" ind1=" " ind2=" ">
         <subfield code="a">Includes bibliographical references.</subfield>
      </datafield>
      <datafield tag="505" ind1="0" ind2="0">
         <subfield code="g">Volume 1.</subfield>
         <subfield code="t">Scritti di Giulio Battelli --</subfield>
         <subfield code="t">Funzione della scrittura e terminologia paleografica /</subfield>
         <subfield code="r">Armando Petrucci --</subfield>
         <subfield code="t">Considerazioni e proposte sulla scrittura latina nell'età romana /</subfield>
         <subfield code="r">Jan Olof Tjäder --</subfield>
         <subfield code="t">De l'usage de la "diplè" dans les inscriptions et les manuscrits latins /</subfield>
         <subfield code="r">Robert Marichal --</subfield>
         <subfield code="t">Appunti per la datazione del Terenzio Bembino /</subfield>
         <subfield code="r">Alessandro Pratesi --</subfield>
         <subfield code="t">Osservazioni sul cod. lat. 1616 (sec. VIII ex.) della Biblioteca Nazionale di Vienne /</subfield>
         <subfield code="r">Ettore Cau --</subfield>
         <subfield code="t">Karolingische Sakramentarfragmente aux Freiburg in der Schweiz : Ein Beitrag zum mainzer Skriptorium des 9. Jahrunderts /</subfield>
         <subfield code="r">Pascal Ladner --</subfield>
         <subfield code="t">Latin Manuscripts of Caesar's "Gallic War" /</subfield>
         <subfield code="r">Virginia Brown --</subfield>
         <subfield code="t">Due codici greci già Cassinesi oggi alla Biblioteca Vaticana : gli Ottob. gr. 250 e 251 /</subfield>
         <subfield code="r">Enrica Follieri --</subfield>
         <subfield code="t">The Date, Provenance and Importance of Montpellier 48 /</subfield>
         <subfield code="r">Thomas W. Mackay --</subfield>
         <subfield code="t">Protostoria dell'alfabeto slavo /</subfield>
         <subfield code="r">Ivan Dujčev --</subfield>
         <subfield code="t">Su un perduto manoscritto grammaticale in scrittura visigotica /</subfield>
         <subfield code="r">Dino Puncuh --</subfield>
         <subfield code="t">Un pontificale da Colonia a Cagli nel secolo XI e alcuni saggi di scrittura cagliese tra il secolo XI e il XII /</subfield>
         <subfield code="r">Luigi Michelini Tocci --</subfield>
         <subfield code="t">"Folium", "Rotulus" y "Liber" en la documetación catalano-aragonesa (s. XI-XIII) /</subfield>
         <subfield code="r">Antonio M. Aragó --</subfield>
         <subfield code="t">Osservazioni sul codice farfense della Biblioteca Nazionale Centrale di Roma /</subfield>
         <subfield code="r">Gianfranco Orlandelli --</subfield>
         <subfield code="t">Appunti paleografici : alcune letture erronee in documenti pontifici medioevali /</subfield>
         <subfield code="r">Aloisio Luigi Tăutu --</subfield>
         <subfield code="t">Annotazioni paleografiche sul codice 561 della Biblioteca Antoniana di Padova /</subfield>
         <subfield code="r">Beniamino Pagnin --</subfield>
         <subfield code="t">Un "exemplar" dell'"Apparatus Novellarum Innocentii IV" di Bernardo di Compostella /</subfield>
         <subfield code="r">Giuliana Ancidei --</subfield>
         <subfield code="t">Le patriarche Méthode de Constantiople copiste a Rome /</subfield>
         <subfield code="r">Paul Canart --</subfield>
      </datafield>
      <datafield tag="505" ind1="8" ind2="0">
         <subfield code="t">Die Pliniushandschrift des Francesco Petrarca 9Par. lat. 6802) und ein bisher unbekannter Plinuskommentar des Paulus Manutius (Par. lat. 6809) /</subfield>
         <subfield code="r">Hermann Walter --</subfield>
         <subfield code="t">Le deposizioni delle compagne di s. Elisabetta di Turingia in un frammento conservato nell'Archivio di Stato a Friburgo /</subfield>
         <subfield code="r">G.G. Meersseman --</subfield>
         <subfield code="t">"Viva la libertà et populo de Roma" : Oratoria e politica : Stefano Porcari /</subfield>
         <subfield code="r">Massimo Miglio --</subfield>
         <subfield code="t">L'"Epitome Campililiensis" del "Fons vitae" di Avicebron : Note sul testo e sulla tradizione manoscritta /</subfield>
         <subfield code="r">Loris Sturlese.</subfield>
         <subfield code="g">Volume 2.</subfield>
         <subfield code="t">Un possibile diploma visigotico adoperato nel Parzival /</subfield>
         <subfield code="r">Anscari M. Mundò --</subfield>
         <subfield code="t">Il "signum" dei tabellioni romani : simbologia o realtà giuridica? /</subfield>
         <subfield code="r">Giovanna Petronio Nicolaj --</subfield>
         <subfield code="t">Die Reihung der Zeugen in Urkunden des frühen Mittelalters /</subfield>
         <subfield code="r">Heinrich Fichtenau --</subfield>
         <subfield code="t">Ein Empfängerzeichen im Register Innocenz'III /</subfield>
         <subfield code="r">Winifried Stelzer --</subfield>
         <subfield code="t">Diplomatisches Material in den narrativen Quellen des böhmischen Mittelalters bis zum anfant des 13. Jahrhunderts /</subfield>
         <subfield code="r">Ivan Hlaváček --</subfield>
         <subfield code="t">La cancilleria de Jaime I : Cancilleres y escribanos /</subfield>
         <subfield code="r">José Trenchs Odena --</subfield>
         <subfield code="t">Notes sobre el "Llibre de privilegis de Barcelona" Ottob. lat. 3058 /</subfield>
         <subfield code="r">Pere Bohigas --</subfield>
         <subfield code="t">Die Urkunden des päpstlichen Legaten Giudo im "Codex diplomaticus et epistolaris regni Bohemiae" /</subfield>
         <subfield code="r">Jindrich Šebánek --</subfield>
         <subfield code="t">Vorläufiges zu den "ältesten" Brevenregistern /</subfield>
         <subfield code="r">Karl August Fink --</subfield>
         <subfield code="t">La chancellerie du roi Louis VII et ses rapports avec le scriptorium de l'abbaye de Saint-Victor de Paris /</subfield>
         <subfield code="r">Françoise Gasparri --</subfield>
         <subfield code="t">Un placito nella storia della Corsica medioevale /</subfield>
         <subfield code="r">Silio P. P. Scalfati --</subfield>
         <subfield code="t">La circolazione monetaria nel territorio di Spoleto nel secolo XII /</subfield>
         <subfield code="r">Attilio De Luca --</subfield>
         <subfield code="t">Un nuovo documento vescovile barese /</subfield>
         <subfield code="r">Paola Supino Martini --</subfield>
      </datafield>
      <datafield tag="505" ind1="8" ind2="0">
         <subfield code="t">Il testamento del notaio papale Isembado da Pecorara (+ 1279) : Note di prosopografia curiale duecentesca /</subfield>
         <subfield code="r">Agostino Paravicini Bagliani --</subfield>
         <subfield code="t">Un registro della fine del secolo XIII con lettere riguardanti le Marche e l'Umbria nel codice Cassinese 798 /</subfield>
         <subfield code="r">Tommaso Leccisotti --</subfield>
         <subfield code="t">"Litterae ante coronationem" : Note sur quelques actes pontificaux originaux conservés aux Archives nationales de Paris /</subfield>
         <subfield code="r">Bernard Barbiche --</subfield>
         <subfield code="t">La famiglia pontifica in un documento dell'inizio del sec. XIV /</subfield>
         <subfield code="r">Amato Pietro Frutaz --</subfield>
         <subfield code="t">Due bolle dell'anno 1323 di papa Giovanni XXII in merito alla tassazione degli ecclesiastici fiorentini /</subfield>
         <subfield code="r">Renato Piattoli --</subfield>
         <subfield code="t">Trois lettres secrètes sur papier de Clément VII (Robert de Genève) et une supplique originale signée par ce pape /</subfield>
         <subfield code="r">Pierre Gasnault --</subfield>
         <subfield code="t">Illuminated Collective Indulgences from Avignon /</subfield>
         <subfield code="r">Christopher R. Cheney --</subfield>
         <subfield code="t">Un registro di bolle di Siso IV nell'Archivio della Penitenzieria Apostolica /</subfield>
         <subfield code="r">Filippo Tamburini --</subfield>
         <subfield code="t">Die "Registra contradictarum" des Vatikanischen Archivs (1575-1799) /</subfield>
         <subfield code="r">Geo Pistarino --</subfield>
         <subfield code="t">Le fonti diplomatiche cremonesi : proposte per un censimento e una nuova edizione /</subfield>
         <subfield code="r">Ettore Falconi --</subfield>
         <subfield code="t">Zum stiftsarchiv von St. Peter in Basel /</subfield>
         <subfield code="r">Albert Bruckner --</subfield>
         <subfield code="t">L'inventario dei paramenti e degli oggetti di sacra suppellettile donati da Bonifacio VIII alla cattedrale di Anagni /</subfield>
         <subfield code="r">Vincenzo Fenicchia --</subfield>
         <subfield code="t">O.C.D., El inventario del Archivo General de los Carmelitas Descalzos de España y el archivero don Juano Antonio Fernandez /</subfield>
         <subfield code="r">Angel Canellas López --</subfield>
         <subfield code="t">Callisto Marini e le carte lasciate dall'arcivescovo Francesco Maria Piccolomini /</subfield>
         <subfield code="r">Niccolò Del Re --</subfield>
         <subfield code="t">Eugenio Casanova e l'inizio dell'insegnamento dell'archivistica nell'Università di Roma /</subfield>
         <subfield code="r">Elio Lodolini.</subfield>
      </datafield>
      <datafield tag="650" ind1=" " ind2="0">
         <subfield code="a">Paleography.</subfield>
      </datafield>
      <datafield tag="650" ind1=" " ind2="0">
         <subfield code="a">Manuscripts.</subfield>
      </datafield>
      <datafield tag="650" ind1=" " ind2="0">
         <subfield code="a">Diplomatics.</subfield>
      </datafield>
      <datafield tag="600" ind1="1" ind2="0">
         <subfield code="a">Batelli, Giulio,</subfield>
         <subfield code="d">1904-2005.</subfield>
      </datafield>
      <datafield tag="700" ind1="1" ind2=" ">
         <subfield code="a">Battelli, Giulio,</subfield>
         <subfield code="d">1904-2005,</subfield>
         <subfield code="e">honoree.</subfield>
      </datafield>
      <datafield tag="710" ind1="2" ind2=" ">
         <subfield code="a">Università di Roma.</subfield>
         <subfield code="b">Scuola speciale per archivisti e bibliotecari.</subfield>
      </datafield>
      <datafield tag="776" ind1="0" ind2="8">
         <subfield code="i">Online version:</subfield>
         <subfield code="t">Palaeographica, diplomatica et archivistica.</subfield>
         <subfield code="d">Roma : Edizioni di storia e letteratura, 1979</subfield>
         <subfield code="w">(OCoLC)608849209</subfield>
      </datafield>
      <datafield tag="776" ind1="0" ind2="8">
         <subfield code="i">Online version:</subfield>
         <subfield code="t">Palaeographica, diplomatica et archivistica.</subfield>
         <subfield code="d">Roma : Edizioni di storia e letteratura, 1979</subfield>
         <subfield code="w">(OCoLC)608894221</subfield>
      </datafield>
      <datafield tag="830" ind1=" " ind2="0">
         <subfield code="a">Storia e letteratura (Edizioni di storia e letteratura) ;</subfield>
         <subfield code="v">139-140.</subfield>
      </datafield>
      <datafield tag="994" ind1=" " ind2=" ">
         <subfield code="a">Z0</subfield>
         <subfield code="b">ZYU</subfield>
      </datafield>
      <datafield tag="OWN" ind1=" " ind2=" ">
         <subfield code="a">GENERAL</subfield>
      </datafield>
      <datafield tag="AVA" ind1=" " ind2=" ">
         <subfield code="a">NYU50</subfield>
         <subfield code="b">NISAW</subfield>
         <subfield code="c">Small Collection</subfield>
         <subfield code="d">Z105 .P28</subfield>
         <subfield code="e">available</subfield>
         <subfield code="t">Available</subfield>
         <subfield code="f">2</subfield>
         <subfield code="g">0</subfield>
         <subfield code="h">Y</subfield>
         <subfield code="i">0</subfield>
         <subfield code="j">SMALL</subfield>
         <subfield code="k">0</subfield>
      </datafield>
      <marc:datafield tag="852" ind1=" " ind2=" ">
         <marc:subfield code="b">Institute for the Study of the Ancient World, </marc:subfield>
         <marc:subfield code="c">Small Collection</marc:subfield>
         <marc:subfield code="e">15 East 84th St., </marc:subfield>
         <marc:subfield code="e">New York, NY  10028</marc:subfield>
      </marc:datafield>
   </record>