
  
  
  
  
  
 
  
  <record xsi:schemaLocation="http://www.loc.gov/MARC21/slim http://www.loc.gov/standards/marcxml/schema/MARC21slim.xsd">
      <leader>00000cam a22      i 4500</leader>
      <controlfield tag="FMT">BK</controlfield>
      <controlfield tag="LDR">00000cam a22      i 4500</controlfield>
      <controlfield tag="001">004258590</controlfield>
      <controlfield tag="005">20160627123558.0</controlfield>
      <controlfield tag="008">160301s2014    it       b    100 0 eng d</controlfield>
      <datafield tag="010" ind1=" " ind2=" ">
         <subfield code="a">  2014401827</subfield>
      </datafield>
      <datafield tag="020" ind1=" " ind2=" ">
         <subfield code="a">9788872287446</subfield>
      </datafield>
      <datafield tag="020" ind1=" " ind2=" ">
         <subfield code="a">8872287448</subfield>
      </datafield>
      <datafield tag="035" ind1=" " ind2=" ">
         <subfield code="a">(OCoLC)896832364</subfield>
      </datafield>
      <datafield tag="040" ind1=" " ind2=" ">
         <subfield code="a">ItFiC</subfield>
         <subfield code="b">eng</subfield>
         <subfield code="e">rda</subfield>
         <subfield code="c">C3L</subfield>
         <subfield code="d">DLC</subfield>
         <subfield code="d">HLS</subfield>
         <subfield code="d">NARDE</subfield>
         <subfield code="d">ZCU</subfield>
         <subfield code="d">OCLCF</subfield>
         <subfield code="d">RBN</subfield>
         <subfield code="d">OCL</subfield>
         <subfield code="d">CHVBK</subfield>
         <subfield code="d">NNU</subfield>
      </datafield>
      <datafield tag="042" ind1=" " ind2=" ">
         <subfield code="a">lccopycat</subfield>
      </datafield>
      <datafield tag="043" ind1=" " ind2=" ">
         <subfield code="a">e-gr---</subfield>
         <subfield code="a">e------</subfield>
         <subfield code="a">aw-----</subfield>
         <subfield code="a">mm-----</subfield>
         <subfield code="a">ff-----</subfield>
      </datafield>
      <datafield tag="050" ind1="0" ind2="0">
         <subfield code="a">HC37</subfield>
         <subfield code="b">.L66 2009</subfield>
      </datafield>
      <datafield tag="082" ind1="1" ind2="4">
         <subfield code="a">330</subfield>
         <subfield code="2">14</subfield>
      </datafield>
      <datafield tag="111" ind1="2" ind2=" ">
         <subfield code="a">Long-term Quantification in Ancient Mediterranean History (Conference)</subfield>
         <subfield code="d">(2009 :</subfield>
         <subfield code="c">Brussels, Belgium)</subfield>
      </datafield>
      <datafield tag="245" ind1="1" ind2="0">
         <subfield code="a">Quantifying the Greco-Roman economy and beyond /</subfield>
         <subfield code="c">François de Callataÿ (ed.).</subfield>
      </datafield>
      <datafield tag="264" ind1=" " ind2="1">
         <subfield code="a">Bari :</subfield>
         <subfield code="b">Edipuglia,</subfield>
         <subfield code="c">2014.</subfield>
      </datafield>
      <datafield tag="300" ind1=" " ind2=" ">
         <subfield code="a">257 pages ;</subfield>
         <subfield code="c">25 cm.</subfield>
      </datafield>
      <datafield tag="336" ind1=" " ind2=" ">
         <subfield code="a">text</subfield>
         <subfield code="b">txt</subfield>
         <subfield code="2">rdacontent</subfield>
      </datafield>
      <datafield tag="337" ind1=" " ind2=" ">
         <subfield code="a">unmediated</subfield>
         <subfield code="b">n</subfield>
         <subfield code="2">rdamedia</subfield>
      </datafield>
      <datafield tag="338" ind1=" " ind2=" ">
         <subfield code="a">volume</subfield>
         <subfield code="b">nc</subfield>
         <subfield code="2">rdacarrier</subfield>
      </datafield>
      <datafield tag="490" ind1="1" ind2=" ">
         <subfield code="a">Pragmateiai ;</subfield>
         <subfield code="v">27</subfield>
      </datafield>
      <datafield tag="500" ind1=" " ind2=" ">
         <subfield code="a">Papers presented at the conference held in Brussels, Belgium, October 15-16, 2009.</subfield>
      </datafield>
      <datafield tag="504" ind1=" " ind2=" ">
         <subfield code="a">Includes bibliographical references.</subfield>
      </datafield>
      <datafield tag="505" ind1="0" ind2="0">
         <subfield code="t">Foreword /</subfield>
         <subfield code="r">François de Callataÿ.</subfield>
         <subfield code="t">Long-term quantification in ancient history: a historical perspective /</subfield>
         <subfield code="r">François de Callataÿ --</subfield>
         <subfield code="t">Orders of magnitude, margins of errors /</subfield>
         <subfield code="r">Neville Morley --</subfield>
         <subfield code="t">The Ancient World: a climatic challenge /</subfield>
         <subfield code="r">Alain Bresson --</subfield>
         <subfield code="t">Creating a long-term model for an ancient economy /</subfield>
         <subfield code="r">Gerassimos G. Aperghis --</subfield>
         <subfield code="t">Quantifying the integration of the Babylonian economy in the Mediterranean world using a new corpus of price data, 400-50 BCE /</subfield>
         <subfield code="r">Robartus J. van der Spek and Bas van Leeuwen --</subfield>
         <subfield code="t">Greek economic performance, 800-300 BCE. A comparison case /</subfield>
         <subfield code="r">Josiah Ober --</subfield>
         <subfield code="t">Comparative evidence and the reconstruction of the ancient economy: Greco-Roman housing and the level and distribution of wealth and income /</subfield>
         <subfield code="r">Geoffrey Kron --</subfield>
         <subfield code="t">Quantifying Roman economic performance by means of proxies: pitfalls and potential /</subfield>
         <subfield code="r">Andrew Wilson --</subfield>
         <subfield code="t">The new economic history of the Roman Empire /</subfield>
         <subfield code="r">Willem Jongman --</subfield>
         <subfield code="t">Price behaviour in the Roman Empire /</subfield>
         <subfield code="r">Peter Temin --</subfield>
         <subfield code="t">Roman real wages in context /</subfield>
         <subfield code="r">Walter Scheidel --</subfield>
         <subfield code="t">Late Roman data collection /</subfield>
         <subfield code="r">Roger S. Bagnall --</subfield>
         <subfield code="t">Ancient and pre-modern economies GDP in Roman Empire and early modern Europe /</subfield>
         <subfield code="r">Elio Lo Cascio and Paolo Malanima.</subfield>
      </datafield>
      <datafield tag="651" ind1=" " ind2="0">
         <subfield code="a">Greece</subfield>
         <subfield code="x">Economic conditions</subfield>
         <subfield code="y">To 146 B.C.</subfield>
         <subfield code="v">Congresses.</subfield>
      </datafield>
      <datafield tag="651" ind1=" " ind2="0">
         <subfield code="a">Rome</subfield>
         <subfield code="x">Economic conditions</subfield>
         <subfield code="v">Congresses.</subfield>
      </datafield>
      <datafield tag="651" ind1=" " ind2="0">
         <subfield code="a">Mediterranean Region</subfield>
         <subfield code="x">Economic conditions</subfield>
         <subfield code="v">Congresses.</subfield>
      </datafield>
      <datafield tag="650" ind1=" " ind2="0">
         <subfield code="a">History</subfield>
         <subfield code="x">Statistical methods</subfield>
         <subfield code="v">Congresses.</subfield>
      </datafield>
      <datafield tag="700" ind1="1" ind2=" ">
         <subfield code="a">Callataÿ, François de,</subfield>
         <subfield code="e">editor.</subfield>
      </datafield>
      <datafield tag="700" ind1="1" ind2=" ">
         <subfield code="a">Bagnall, Roger S.,</subfield>
         <subfield code="e">contributor.</subfield>
      </datafield>
      <datafield tag="830" ind1=" " ind2="0">
         <subfield code="a">Pragmateiai ;</subfield>
         <subfield code="v">27.</subfield>
      </datafield>
      <datafield tag="856" ind1="4" ind2="1">
         <subfield code="3">Table of contents only</subfield>
         <subfield code="u">http://catdir.loc.gov/catdir/toc/casalini13/2997175.pdf</subfield>
      </datafield>
      <datafield tag="OWN" ind1=" " ind2=" ">
         <subfield code="a">GENERAL</subfield>
      </datafield>
      <datafield tag="AVA" ind1=" " ind2=" ">
         <subfield code="a">NYU50</subfield>
         <subfield code="b">BOBST</subfield>
         <subfield code="c">Main Collection</subfield>
         <subfield code="d">HC37 .L66 2009</subfield>
         <subfield code="e">available</subfield>
         <subfield code="t">Available</subfield>
         <subfield code="f">1</subfield>
         <subfield code="g">0</subfield>
         <subfield code="h">N</subfield>
         <subfield code="i">0</subfield>
         <subfield code="j">MAIN</subfield>
         <subfield code="k">0</subfield>
      </datafield>
      <datafield tag="AVA" ind1=" " ind2=" ">
         <subfield code="a">NYU50</subfield>
         <subfield code="b">NISAW</subfield>
         <subfield code="c">Small Collection</subfield>
         <subfield code="d">HC37 .L66 2009</subfield>
         <subfield code="e">available</subfield>
         <subfield code="t">Available</subfield>
         <subfield code="f">1</subfield>
         <subfield code="g">0</subfield>
         <subfield code="h">N</subfield>
         <subfield code="i">0</subfield>
         <subfield code="j">SMALL</subfield>
         <subfield code="k">0</subfield>
      </datafield>
      <marc:datafield tag="852" ind1=" " ind2=" ">
         <marc:subfield code="b">Institute for the Study of the Ancient World, </marc:subfield>
         <marc:subfield code="c">Small Collection</marc:subfield>
         <marc:subfield code="e">15 East 84th St., </marc:subfield>
         <marc:subfield code="e">New York, NY  10028</marc:subfield>
      </marc:datafield>
   </record>