
  
  
  
  
  
  
 
  
  <record xsi:schemaLocation="http://www.loc.gov/MARC21/slim http://www.loc.gov/standards/marcxml/schema/MARC21slim.xsd">
      <leader>00000cam a22      i 4500</leader>
      <controlfield tag="FMT">BK</controlfield>
      <controlfield tag="LDR">00000cam a22      i 4500</controlfield>
      <controlfield tag="001">004259038</controlfield>
      <controlfield tag="005">20160304133231.0</controlfield>
      <controlfield tag="008">160302t20152015gw ah    b    001 0 fre c</controlfield>
      <datafield tag="010" ind1=" " ind2=" ">
         <subfield code="a">  2015044472</subfield>
      </datafield>
      <datafield tag="020" ind1=" " ind2=" ">
         <subfield code="a">9783110425093</subfield>
         <subfield code="q">(hardcover ;</subfield>
         <subfield code="q">alk. paper)</subfield>
      </datafield>
      <datafield tag="020" ind1=" " ind2=" ">
         <subfield code="a">3110425092</subfield>
         <subfield code="q">(hardcover ;</subfield>
         <subfield code="q">alk. paper)</subfield>
      </datafield>
      <datafield tag="035" ind1=" " ind2=" ">
         <subfield code="a">(OCoLC)929985273</subfield>
      </datafield>
      <datafield tag="040" ind1=" " ind2=" ">
         <subfield code="a">ICU/DLC</subfield>
         <subfield code="b">eng</subfield>
         <subfield code="e">rda</subfield>
         <subfield code="c">CGU</subfield>
         <subfield code="d">DLC</subfield>
         <subfield code="d">OCLCO</subfield>
         <subfield code="d">OCLCQ</subfield>
         <subfield code="d">OHX</subfield>
         <subfield code="d">NNU</subfield>
      </datafield>
      <datafield tag="041" ind1="1" ind2=" ">
         <subfield code="a">egy</subfield>
         <subfield code="a">fre</subfield>
         <subfield code="a">eng</subfield>
         <subfield code="h">egy</subfield>
      </datafield>
      <datafield tag="042" ind1=" " ind2=" ">
         <subfield code="a">pcc</subfield>
      </datafield>
      <datafield tag="043" ind1=" " ind2=" ">
         <subfield code="a">f-ua---</subfield>
      </datafield>
      <datafield tag="050" ind1="0" ind2="0">
         <subfield code="a">PJ1881</subfield>
         <subfield code="b">.R47 2015</subfield>
      </datafield>
      <datafield tag="072" ind1=" " ind2="7">
         <subfield code="a">PJ</subfield>
         <subfield code="2">lcco</subfield>
      </datafield>
      <datafield tag="082" ind1="0" ind2="0">
         <subfield code="a">299/.31</subfield>
         <subfield code="2">23</subfield>
      </datafield>
      <datafield tag="245" ind1="0" ind2="0">
         <subfield code="a">Résurrection d'Osiris - naissance d'Horus :</subfield>
         <subfield code="b">les papyrus Berlin P. 6750 et Berlin P. 8765, témoignages de la persistance de la tradition sacerdotale dans le Fayoum à l'époque romaine /</subfield>
         <subfield code="c">Ghislaine Widmer, ave un contribution de Nikos Litinas.</subfield>
      </datafield>
      <datafield tag="264" ind1=" " ind2="1">
         <subfield code="a">Berlin ;</subfield>
         <subfield code="a">Boston :</subfield>
         <subfield code="b">De Gruyter,</subfield>
         <subfield code="c">[2015]</subfield>
      </datafield>
      <datafield tag="264" ind1=" " ind2="4">
         <subfield code="c">©2015</subfield>
      </datafield>
      <datafield tag="300" ind1=" " ind2=" ">
         <subfield code="a">xii, 462 pages :</subfield>
         <subfield code="b">illustrations (some color) facsimiles ;</subfield>
         <subfield code="c">31 cm</subfield>
      </datafield>
      <datafield tag="336" ind1=" " ind2=" ">
         <subfield code="a">text</subfield>
         <subfield code="b">txt</subfield>
         <subfield code="2">rdacontent</subfield>
      </datafield>
      <datafield tag="337" ind1=" " ind2=" ">
         <subfield code="a">unmediated</subfield>
         <subfield code="b">n</subfield>
         <subfield code="2">rdamedia</subfield>
      </datafield>
      <datafield tag="338" ind1=" " ind2=" ">
         <subfield code="a">volume</subfield>
         <subfield code="b">nc</subfield>
         <subfield code="2">rdacarrier</subfield>
      </datafield>
      <datafield tag="490" ind1="1" ind2=" ">
         <subfield code="a">Ägyptische und orientalische papyri und handschriften des Ägyptischen Museums und Papyrussammlung Berlin ;</subfield>
         <subfield code="v">Band 3</subfield>
      </datafield>
      <datafield tag="546" ind1=" " ind2=" ">
         <subfield code="a">In French and one chapter in English, with Demotic Egyptian texts in transliteration and translation.</subfield>
      </datafield>
      <datafield tag="504" ind1=" " ind2=" ">
         <subfield code="a">Includes bibliographical references and indexes.</subfield>
      </datafield>
      <datafield tag="650" ind1=" " ind2="0">
         <subfield code="a">Egyptian language</subfield>
         <subfield code="v">Papyri, Demotic.</subfield>
      </datafield>
      <datafield tag="650" ind1=" " ind2="0">
         <subfield code="a">Religious literature, Egyptian</subfield>
         <subfield code="z">Egypt</subfield>
         <subfield code="z">Fayyūm (Province)</subfield>
      </datafield>
      <datafield tag="651" ind1=" " ind2="0">
         <subfield code="a">Fayyūm (Egypt)</subfield>
         <subfield code="x">Antiquities.</subfield>
      </datafield>
      <datafield tag="610" ind1="2" ind2="0">
         <subfield code="a">Ägyptisches Museum und Papyrussammlung (Berlin, Germany).</subfield>
         <subfield code="k">Manuscript.</subfield>
         <subfield code="n">Papyrus Berlin P. 6750.</subfield>
         <subfield code="l">Egyptian.</subfield>
      </datafield>
      <datafield tag="610" ind1="2" ind2="0">
         <subfield code="a">Ägyptisches Museum und Papyrussammlung (Berlin, Germany).</subfield>
         <subfield code="k">Manuscript.</subfield>
         <subfield code="n">Papyrus Berlin P. 6750.</subfield>
         <subfield code="l">French.</subfield>
      </datafield>
      <datafield tag="610" ind1="2" ind2="0">
         <subfield code="a">Ägyptisches Museum und Papyrussammlung (Berlin, Germany).</subfield>
         <subfield code="k">Manuscript.</subfield>
         <subfield code="n">Papyrus Berlin P. 8765.</subfield>
         <subfield code="l">Egyptian.</subfield>
      </datafield>
      <datafield tag="610" ind1="2" ind2="0">
         <subfield code="a">Ägyptisches Museum und Papyrussammlung (Berlin, Germany).</subfield>
         <subfield code="k">Manuscript.</subfield>
         <subfield code="n">Papyrus Berlin P. 8765.</subfield>
         <subfield code="l">French.</subfield>
      </datafield>
      <datafield tag="600" ind1="0" ind2="0">
         <subfield code="a">Osiris</subfield>
         <subfield code="c">(Egyptian deity)</subfield>
      </datafield>
      <datafield tag="600" ind1="0" ind2="0">
         <subfield code="a">Horus</subfield>
         <subfield code="c">(Egyptian deity)</subfield>
      </datafield>
      <datafield tag="700" ind1="1" ind2=" ">
         <subfield code="a">Widmer, Ghislaine,</subfield>
         <subfield code="e">editor,</subfield>
         <subfield code="e">translator,</subfield>
         <subfield code="e">author.</subfield>
      </datafield>
      <datafield tag="700" ind1="1" ind2=" ">
         <subfield code="a">Litinas, Nikos,</subfield>
         <subfield code="e">author,</subfield>
         <subfield code="e">translator.</subfield>
      </datafield>
      <datafield tag="830" ind1=" " ind2="0">
         <subfield code="a">Ägyptische und Orientalische Papyri und Handschriften des Ägyptischen Museums und Papyrussammlung Berlin ;</subfield>
         <subfield code="v">Bd. 3.</subfield>
      </datafield>
      <datafield tag="OWN" ind1=" " ind2=" ">
         <subfield code="a">GENERAL</subfield>
      </datafield>
      <datafield tag="AVA" ind1=" " ind2=" ">
         <subfield code="a">NYU50</subfield>
         <subfield code="b">NISAW</subfield>
         <subfield code="c">Large Collection</subfield>
         <subfield code="d">PJ1881 .R47 2015</subfield>
         <subfield code="e">available</subfield>
         <subfield code="t">Available</subfield>
         <subfield code="f">1</subfield>
         <subfield code="g">0</subfield>
         <subfield code="h">N</subfield>
         <subfield code="i">0</subfield>
         <subfield code="j">LARGE</subfield>
         <subfield code="k">0</subfield>
      </datafield>
      <marc:datafield tag="852" ind1=" " ind2=" ">
         <marc:subfield code="b">Institute for the Study of the Ancient World, </marc:subfield>
         <marc:subfield code="c">Large Collection</marc:subfield>
         <marc:subfield code="e">15 East 84th St., </marc:subfield>
         <marc:subfield code="e">New York, NY  10028</marc:subfield>
      </marc:datafield>
   </record>