
  
  
  
  
 
  
  <record xsi:schemaLocation="http://www.loc.gov/MARC21/slim http://www.loc.gov/standards/marcxml/schema/MARC21slim.xsd">
      <leader>00000cam a2200841 a 4500</leader>
      <controlfield tag="FMT">BK</controlfield>
      <controlfield tag="LDR">00000cam a2200841 a 4500</controlfield>
      <controlfield tag="001">004259121</controlfield>
      <controlfield tag="003">OCoLC</controlfield>
      <controlfield tag="005">20160304135617.0</controlfield>
      <controlfield tag="008">160302s2003    enka     b    001 0 eng</controlfield>
      <datafield tag="010" ind1=" " ind2=" ">
         <subfield code="a">2002074537</subfield>
      </datafield>
      <datafield tag="015" ind1=" " ind2=" ">
         <subfield code="a">GBA2T6505</subfield>
         <subfield code="2">bnb</subfield>
      </datafield>
      <datafield tag="015" ind1=" " ind2=" ">
         <subfield code="a">GBA323910</subfield>
         <subfield code="2">bnb</subfield>
      </datafield>
      <datafield tag="020" ind1=" " ind2=" ">
         <subfield code="a">0860788997</subfield>
         <subfield code="q">(alk. paper)</subfield>
      </datafield>
      <datafield tag="020" ind1=" " ind2=" ">
         <subfield code="a">9780860788997</subfield>
         <subfield code="q">(alk. paper)</subfield>
      </datafield>
      <datafield tag="035" ind1=" " ind2=" ">
         <subfield code="a">(OCoLC)50079785</subfield>
         <subfield code="z">(OCoLC)51914440</subfield>
      </datafield>
      <datafield tag="040" ind1=" " ind2=" ">
         <subfield code="a">DLC</subfield>
         <subfield code="b">eng</subfield>
         <subfield code="c">DLC</subfield>
         <subfield code="d">UKM</subfield>
         <subfield code="d">C#P</subfield>
         <subfield code="d">BAKER</subfield>
         <subfield code="d">NLGGC</subfield>
         <subfield code="d">BTCTA</subfield>
         <subfield code="d">LVB</subfield>
         <subfield code="d">YDXCP</subfield>
         <subfield code="d">HEBIS</subfield>
         <subfield code="d">EXW</subfield>
         <subfield code="d">OCLCF</subfield>
         <subfield code="d">OCLCQ</subfield>
         <subfield code="d">OCLCO</subfield>
         <subfield code="d">OCLCQ</subfield>
         <subfield code="d">DEBBG</subfield>
         <subfield code="d">NNU</subfield>
      </datafield>
      <datafield tag="043" ind1=" " ind2=" ">
         <subfield code="a">f-ua---</subfield>
      </datafield>
      <datafield tag="050" ind1="0" ind2="0">
         <subfield code="a">DT93</subfield>
         <subfield code="b">.B35 2003</subfield>
      </datafield>
      <datafield tag="082" ind1="0" ind2="0">
         <subfield code="a">932</subfield>
         <subfield code="2">21</subfield>
      </datafield>
      <datafield tag="084" ind1=" " ind2=" ">
         <subfield code="a">15.52</subfield>
         <subfield code="2">bcl</subfield>
      </datafield>
      <datafield tag="084" ind1=" " ind2=" ">
         <subfield code="a">6,11</subfield>
         <subfield code="2">ssgn</subfield>
      </datafield>
      <datafield tag="084" ind1=" " ind2=" ">
         <subfield code="a">6,12</subfield>
         <subfield code="2">ssgn</subfield>
      </datafield>
      <datafield tag="084" ind1=" " ind2=" ">
         <subfield code="a">LE 5490</subfield>
         <subfield code="2">rvk</subfield>
      </datafield>
      <datafield tag="084" ind1=" " ind2=" ">
         <subfield code="a">NH 8010</subfield>
         <subfield code="2">rvk</subfield>
      </datafield>
      <datafield tag="084" ind1=" " ind2=" ">
         <subfield code="a">NH 8015</subfield>
         <subfield code="2">rvk</subfield>
      </datafield>
      <datafield tag="100" ind1="1" ind2=" ">
         <subfield code="a">Bagnall, Roger S.</subfield>
      </datafield>
      <datafield tag="245" ind1="1" ind2="0">
         <subfield code="a">Later Roman Egypt :</subfield>
         <subfield code="b">society, religion, economy and administration /</subfield>
         <subfield code="c">Roger S. Bagnall.</subfield>
      </datafield>
      <datafield tag="260" ind1=" " ind2=" ">
         <subfield code="a">Aldershot, Hampshire, Great Britain ;</subfield>
         <subfield code="a">Burlington, Vt. :</subfield>
         <subfield code="b">Ashgate/Variorum,</subfield>
         <subfield code="c">©2003.</subfield>
      </datafield>
      <datafield tag="300" ind1=" " ind2=" ">
         <subfield code="a">1 volume (various pagings) :</subfield>
         <subfield code="b">illustrations ;</subfield>
         <subfield code="c">24 cm.</subfield>
      </datafield>
      <datafield tag="336" ind1=" " ind2=" ">
         <subfield code="a">text</subfield>
         <subfield code="b">txt</subfield>
         <subfield code="2">rdacontent</subfield>
      </datafield>
      <datafield tag="337" ind1=" " ind2=" ">
         <subfield code="a">unmediated</subfield>
         <subfield code="b">n</subfield>
         <subfield code="2">rdamedia</subfield>
      </datafield>
      <datafield tag="338" ind1=" " ind2=" ">
         <subfield code="a">volume</subfield>
         <subfield code="b">nc</subfield>
         <subfield code="2">rdacarrier</subfield>
      </datafield>
      <datafield tag="490" ind1="1" ind2=" ">
         <subfield code="a">Variorum collected studies series ;</subfield>
         <subfield code="v">CS758</subfield>
      </datafield>
      <datafield tag="504" ind1=" " ind2=" ">
         <subfield code="a">Includes bibliographical references and index.</subfield>
      </datafield>
      <datafield tag="505" ind1="0" ind2="0">
         <subfield code="t">Society --</subfield>
         <subfield code="t">Slavery and Society in Late Roman Egypt (Law, Politics and Society in the Ancient Mediterranean World, ed. B. Halpern and D. Hobson. Sheffield, 1993) --</subfield>
         <subfield code="t">Women, Law, and Social Realities in Late Antiquity: A Review Article (Bulletin of the American Society of Papyrologists, 32. Atlanta, 1995) --</subfield>
         <subfield code="t">Missing Females in Roman Egypt (Scripta Classica Israelica, 16. Jerusalem, 1997) --</subfield>
         <subfield code="t">Church, State and Divorce in Late Roman Egypt (in Florilegium Columbianum: Essays in Honor of Paul Oskar Kristeller. New York, 1987) --</subfield>
         <subfield code="t">Official and Private Violence in Roman Egypt (Bulletin of the American Society of Papyrologists, 26. Atlanta, 1989) --</subfield>
         <subfield code="t">The Population of Theadelphia in the Fourth Century (Bulletin de la Société d'Archéologie Copte, 24. Le Caire, 1982) --</subfield>
         <subfield code="t">An Owner of Literary Papyri (Classical Philology, 87. Chicago, 1992) --</subfield>
         <subfield code="t">Religion and Society --</subfield>
         <subfield code="t">Religious Conversion and Onomastic Change in Early Byzantine Egypt (Bulletin of the American Society of Papyrologists, 19. Atlanta, 1982) --</subfield>
         <subfield code="t">Conversion and Onomastics: A Reply (Zeitschrift fur Papyrologie und Epigraphik, 69. Bonn, 1987) --</subfield>
         <subfield code="t">Combat ou vide: Christianisme et paganisme dans l'Egypte romaine tardive (Ktema, 13. Strasbourg, 1988 [1992]) --</subfield>
         <subfield code="t">Charite's Christianity (Bulletin of the American Society of Papyrologists, 32. Atlanta, 1995) --</subfield>
         <subfield code="t">Economy --</subfield>
         <subfield code="t">Landholding in Late Roman Egypt: The Distribution of Wealth (Journal of Roman Studies, 82. London, 1992) --</subfield>
         <subfield code="t">An Arsinoite Metropolitan Landowning Family of the Fourth Century (Papyrologica Lupiensia, 2. Lesce, 1993 [Papiri Documentari Greci]) --</subfield>
      </datafield>
      <datafield tag="505" ind1="8" ind2="0">
         <subfield code="t">Military Officers as Landowners in Fourth Century Egypt (Chiron, 22. München, 1992) --</subfield>
         <subfield code="t">Price in 'Sales on Delivery' (Greek Roman and Byzantine Studies, 18. Durham, North Carolina, 1977) --</subfield>
         <subfield code="t">The Camel, the Wagon, and the Donkey in Later Roman Egypt (Bulletin of the American Society of Papyrologists, 22. Atlanta, 1985) --</subfield>
         <subfield code="t">Administration and Taxation.</subfield>
         <subfield code="t">Agricultural Productivity and Taxation in Later Roman Egypt (Transactions of the American Philologcial Association, 115. New York, 1985) --</subfield>
         <subfield code="t">P.Oxy. XVI 1905, SB V 7756, and Fourth Century Taxation (Zeitschrift fur Papyrologie und Epigraphik, 37. Bonn, 1980) --</subfield>
         <subfield code="t">Bullion Purchases and Landholding in the Fourth Century (Chronique d'Egypte, 52. Bruxelles, 1977) --</subfield>
         <subfield code="t">The Taxes of Toka (Tyche, 6. Wien, 1991) --</subfield>
         <subfield code="t">The Periodicity and Collection of the Chrysargyron (Tyche, 7. Wien, 1992) --</subfield>
         <subfield code="t">Count Ausonius (Tyche, 7. Wien, 1992) --</subfield>
         <subfield code="t">Property-holdings of Liturgists in Fourth-century Karanis (Bulletin of the American Society of Papyrologists, 15. Atlanta, 1978) --</subfield>
         <subfield code="t">The Number and Term of the Dekaprotoi (Aegyptus, 58. Milano, 1978).</subfield>
      </datafield>
      <datafield tag="651" ind1=" " ind2="0">
         <subfield code="a">Egypt</subfield>
         <subfield code="x">History</subfield>
         <subfield code="y">30 B.C.-640 A.D.</subfield>
      </datafield>
      <datafield tag="651" ind1=" " ind2="4">
         <subfield code="a">Egypt</subfield>
         <subfield code="x">Social conditions.</subfield>
      </datafield>
      <datafield tag="651" ind1=" " ind2="4">
         <subfield code="a">Egypt</subfield>
         <subfield code="x">Economic conditions</subfield>
         <subfield code="y">332 B.C.-640 A.D.</subfield>
      </datafield>
      <datafield tag="651" ind1=" " ind2="4">
         <subfield code="a">Egypt</subfield>
         <subfield code="x">Politics and government</subfield>
         <subfield code="y">30 B.C.-640 A.D.</subfield>
      </datafield>
      <datafield tag="651" ind1=" " ind2="4">
         <subfield code="a">Egypt</subfield>
         <subfield code="x">Religion.</subfield>
      </datafield>
      <datafield tag="650" ind1=" " ind2="0">
         <subfield code="a">Manuscripts (Papyri)</subfield>
         <subfield code="z">Egypt.</subfield>
      </datafield>
      <datafield tag="651" ind1=" " ind2="7">
         <subfield code="a">Egypt.</subfield>
         <subfield code="2">fast</subfield>
         <subfield code="0">(OCoLC)fst01208755</subfield>
      </datafield>
      <datafield tag="648" ind1=" " ind2="7">
         <subfield code="a">30 B.C. - 640 A.D.</subfield>
         <subfield code="2">fast</subfield>
      </datafield>
      <datafield tag="655" ind1=" " ind2="7">
         <subfield code="a">History.</subfield>
         <subfield code="2">fast</subfield>
         <subfield code="0">(OCoLC)fst01411628</subfield>
      </datafield>
      <datafield tag="776" ind1="0" ind2="8">
         <subfield code="i">Online version:</subfield>
         <subfield code="a">Bagnall, Roger S.</subfield>
         <subfield code="t">Later Roman Egypt.</subfield>
         <subfield code="d">Aldershot, Hampshire, Great Britain ; Burlington, Vt. : Ashgate/Variorum, ©2003</subfield>
         <subfield code="w">(OCoLC)891751570</subfield>
      </datafield>
      <datafield tag="830" ind1=" " ind2="0">
         <subfield code="a">Collected studies ;</subfield>
         <subfield code="v">CS758.</subfield>
      </datafield>
      <datafield tag="994" ind1=" " ind2=" ">
         <subfield code="a">Z0</subfield>
         <subfield code="b">ZYU</subfield>
      </datafield>
      <datafield tag="OWN" ind1=" " ind2=" ">
         <subfield code="a">GENERAL</subfield>
      </datafield>
      <datafield tag="AVA" ind1=" " ind2=" ">
         <subfield code="a">NYU50</subfield>
         <subfield code="b">NISAW</subfield>
         <subfield code="c">Small Collection</subfield>
         <subfield code="d">DT93 .B35 2003</subfield>
         <subfield code="e">available</subfield>
         <subfield code="t">Available</subfield>
         <subfield code="f">1</subfield>
         <subfield code="g">0</subfield>
         <subfield code="h">N</subfield>
         <subfield code="i">0</subfield>
         <subfield code="j">SMALL</subfield>
         <subfield code="k">0</subfield>
      </datafield>
      <marc:datafield tag="852" ind1=" " ind2=" ">
         <marc:subfield code="b">Institute for the Study of the Ancient World, </marc:subfield>
         <marc:subfield code="c">Small Collection</marc:subfield>
         <marc:subfield code="e">15 East 84th St., </marc:subfield>
         <marc:subfield code="e">New York, NY  10028</marc:subfield>
      </marc:datafield>
   </record>