
  
  
  
  
  
 
  
  <record xsi:schemaLocation="http://www.loc.gov/MARC21/slim http://www.loc.gov/standards/marcxml/schema/MARC21slim.xsd">
      <leader>00000cam a2201093 a 4500</leader>
      <controlfield tag="FMT">BK</controlfield>
      <controlfield tag="LDR">00000cam a2201093 a 4500</controlfield>
      <controlfield tag="001">000718702</controlfield>
      <controlfield tag="003">OCoLC</controlfield>
      <controlfield tag="005">20160309141450.0</controlfield>
      <controlfield tag="008">010606s2001    ctuaf    b    011 0 eng</controlfield>
      <datafield tag="010" ind1=" " ind2=" ">
         <subfield code="a">2001041250</subfield>
      </datafield>
      <datafield tag="015" ind1=" " ind2=" ">
         <subfield code="a">GBA1X0882</subfield>
         <subfield code="2">bnb</subfield>
      </datafield>
      <datafield tag="020" ind1=" " ind2=" ">
         <subfield code="a">0970059132</subfield>
         <subfield code="q">(acid-free paper)</subfield>
      </datafield>
      <datafield tag="020" ind1=" " ind2=" ">
         <subfield code="a">9780970059130</subfield>
         <subfield code="q">(acid-free paper)</subfield>
      </datafield>
      <datafield tag="035" ind1=" " ind2=" ">
         <subfield code="a">(OCoLC)47136686</subfield>
         <subfield code="z">(OCoLC)49907336</subfield>
         <subfield code="z">(OCoLC)844930467</subfield>
      </datafield>
      <datafield tag="040" ind1=" " ind2=" ">
         <subfield code="a">DLC</subfield>
         <subfield code="b">eng</subfield>
         <subfield code="c">DLC</subfield>
         <subfield code="d">YDX</subfield>
         <subfield code="d">UKM</subfield>
         <subfield code="d">BAKER</subfield>
         <subfield code="d">NLGGC</subfield>
         <subfield code="d">BTCTA</subfield>
         <subfield code="d">LVB</subfield>
         <subfield code="d">YDXCP</subfield>
         <subfield code="d">OCLCG</subfield>
         <subfield code="d">HEBIS</subfield>
         <subfield code="d">DEBSZ</subfield>
         <subfield code="d">EUM</subfield>
         <subfield code="d">OCLCO</subfield>
         <subfield code="d">OCLCF</subfield>
         <subfield code="d">DEBBG</subfield>
         <subfield code="d">OCLCQ</subfield>
         <subfield code="d">OCLCO</subfield>
         <subfield code="d">MR4</subfield>
         <subfield code="d">OCLCQ</subfield>
         <subfield code="d">NNU</subfield>
      </datafield>
      <datafield tag="041" ind1="0" ind2=" ">
         <subfield code="a">eng</subfield>
         <subfield code="a">grc</subfield>
         <subfield code="a">cop</subfield>
      </datafield>
      <datafield tag="043" ind1=" " ind2=" ">
         <subfield code="a">f-ua---</subfield>
      </datafield>
      <datafield tag="050" ind1="0" ind2="0">
         <subfield code="a">PA3339</subfield>
         <subfield code="b">.E88 2001</subfield>
      </datafield>
      <datafield tag="082" ind1="0" ind2="0">
         <subfield code="a">930</subfield>
         <subfield code="2">21</subfield>
      </datafield>
      <datafield tag="084" ind1=" " ind2=" ">
         <subfield code="a">15.28</subfield>
         <subfield code="2">bcl</subfield>
      </datafield>
      <datafield tag="084" ind1=" " ind2=" ">
         <subfield code="a">6,11</subfield>
         <subfield code="2">ssgn</subfield>
      </datafield>
      <datafield tag="084" ind1=" " ind2=" ">
         <subfield code="a">8</subfield>
         <subfield code="2">ssgn</subfield>
      </datafield>
      <datafield tag="084" ind1=" " ind2=" ">
         <subfield code="a">ND 3900</subfield>
         <subfield code="2">rvk</subfield>
      </datafield>
      <datafield tag="245" ind1="0" ind2="0">
         <subfield code="a">Essays and texts in honor of J. David Thomas /</subfield>
         <subfield code="c">edited by Traianos Gagos and Roger S. Bagnall.</subfield>
      </datafield>
      <datafield tag="260" ind1=" " ind2=" ">
         <subfield code="a">[Oakville, Conn.] :</subfield>
         <subfield code="b">American Society of Papyrologists,</subfield>
         <subfield code="c">©2001.</subfield>
      </datafield>
      <datafield tag="300" ind1=" " ind2=" ">
         <subfield code="a">xxi, 287 pages, 24 pages of plates :</subfield>
         <subfield code="b">illustrations ;</subfield>
         <subfield code="c">29 cm.</subfield>
      </datafield>
      <datafield tag="336" ind1=" " ind2=" ">
         <subfield code="a">text</subfield>
         <subfield code="b">txt</subfield>
         <subfield code="2">rdacontent</subfield>
      </datafield>
      <datafield tag="337" ind1=" " ind2=" ">
         <subfield code="a">unmediated</subfield>
         <subfield code="b">n</subfield>
         <subfield code="2">rdamedia</subfield>
      </datafield>
      <datafield tag="338" ind1=" " ind2=" ">
         <subfield code="a">volume</subfield>
         <subfield code="b">nc</subfield>
         <subfield code="2">rdacarrier</subfield>
      </datafield>
      <datafield tag="490" ind1="1" ind2=" ">
         <subfield code="a">American studies in papyrology ;</subfield>
         <subfield code="v">no. 42</subfield>
      </datafield>
      <datafield tag="510" ind1="4" ind2=" ">
         <subfield code="a">Checklist of editions of Greek, Latin, Demotic and Coptic Papyri, Ostraca and Tablets;</subfield>
         <subfield code="c">P.Thomas</subfield>
      </datafield>
      <datafield tag="504" ind1=" " ind2=" ">
         <subfield code="a">Includes bibliographical references and index.</subfield>
      </datafield>
      <datafield tag="505" ind1="0" ind2="0">
         <subfield code="g">[pt. 1.]</subfield>
         <subfield code="t">Essays.</subfield>
         <subfield code="t">The Camp of Hibis /</subfield>
         <subfield code="r">Roger S. Bagnall --</subfield>
         <subfield code="t">Aurelius Horion and the Calpurnii : Elite Families in Third Century Oxyrhynchus /</subfield>
         <subfield code="r">Alan K. Bowman --</subfield>
         <subfield code="t">Sur la date du Pater Noster de Vienne : P.Rain. Unterricht 184 /</subfield>
         <subfield code="r">Jean Gascou --</subfield>
         <subfield code="t">The Tangled Tale of P.Mey. 8 /</subfield>
         <subfield code="r">Naphtali Lewis --</subfield>
         <subfield code="t">[Arton Phagein] : A Note on Mark iii.20-21 /</subfield>
         <subfield code="r">Theodore C. Skeat --</subfield>
         <subfield code="t">Exuberance and Accessibility : Notes on Written Demotic and the Egyptian Scribal Tradition /</subfield>
         <subfield code="r">W. John Tait --</subfield>
         <subfield code="t">On the Importance of Being a Papyrologist /</subfield>
         <subfield code="r">Dorothy J. Thompson --</subfield>
         <subfield code="t">P.Coll. Youtie 77 = P.Col. VII 171 Revisited /</subfield>
         <subfield code="r">Ewa Wipszycka --</subfield>
         <subfield code="t">Deliveries for [sunetheia] in Byzantine Papryri /</subfield>
         <subfield code="r">Klaas A. Worp.</subfield>
      </datafield>
      <datafield tag="505" ind1="8" ind2="0">
         <subfield code="g">[pt. 2].</subfield>
         <subfield code="t">Texts.</subfield>
         <subfield code="t">Letter to the King (?) (TCD Sel. Box 137, Arsinoite Nome, III B.C.) /</subfield>
         <subfield code="r">Brian C. McGing --</subfield>
         <subfield code="t">Order from Ptolemaios to Nechoutes (P.Duk.inv. 318, Arsinoite Nome, 4 December 180 B.C.E.) /</subfield>
         <subfield code="r">John F. Oates --</subfield>
         <subfield code="t">A Ptolemaic Custom House Register form Philadelphia (P.Hamb. inv. 49, Philadelphia, 23 May - 22 June 132 B.C. or 26 April - 25 May, 9 A.D.) /</subfield>
         <subfield code="r">Willy Clarysse --</subfield>
         <subfield code="t">Antichretic Loan with Right of Habitation in Lieu of Interest (P.Mich. inv. 96, Tebtunis, 23 May, 41-54 A.D.) /</subfield>
         <subfield code="r">Peter van Minnen --</subfield>
         <subfield code="t">Sworn Declaration to Agents from the Centurion Cattius Catullus : P.Col. inv. 90 (P.Col. inv. 90, Philadelphia, 24 July 46 A.D.) /</subfield>
         <subfield code="r">Ann Ellis Hanson --</subfield>
         <subfield code="t">PSI XI 1183 : Record of a Roman Census Declaration of A.D. 47/8 (PSI XI 1183, Oxyrhynchus, 47/8 A.D.) /</subfield>
         <subfield code="r">Dominic Rathbone --</subfield>
         <subfield code="t">Frammento di vendita di un animale (PSI inv. 8, unknown provenance, 69 A.D.) /</subfield>
         <subfield code="r">Paola Pruneti Piovanelli --</subfield>
         <subfield code="t">Drinking and Cheating in the Desert : Letter from Numerius to Longinus (O.Did. inv. 313, Didymoi, end of I A.D.) ; Letter from Longinus to Numerius (O.Did. inv. 329, Didymoi, end of I A.D.) /</subfield>
         <subfield code="r">Adam Bülow-Jacobsen --</subfield>
         <subfield code="t">Tiberius Claudius Isidorus : Alexandrian Gymnasiarch and Epistrategus of Thebaid (Kom el-Dikka, Alexandria, late I A.D.) /</subfield>
         <subfield code="r">Adam Lukaszewicz --</subfield>
         <subfield code="t">PSI inv. 233 recto e verso (PSI inv. 233, Oxyrhynchus, I/II A.D. and 150-153 A.D.) /</subfield>
         <subfield code="r">Guido Bastianini --</subfield>
         <subfield code="t">Documenti in copia relativi a [paradeixis] e [kyrōsis] di terreno (PSI inv. 739, Isieion Panga, after 167/8 A.D.) /</subfield>
         <subfield code="r">Gabriella Messeri Savorelli --</subfield>
         <subfield code="t">Istanza agli [epitīrītai Xenikīs praktoreias] (PSI inv. 439, Oxyrhynchus, 183 A.D.) /</subfield>
         <subfield code="r">Manfredo Manfredi --</subfield>
         <subfield code="t">Private Letter (P.Mich. inv. 2995, Karanis, second half of II A.D.) /</subfield>
         <subfield code="r">John E.G. Whitehorne --</subfield>
         <subfield code="t">Rhetorical Handbook (Hancock Museum inv. no. NEWHM : AREGYPT 552, Oxyrhynchus, II A.D.) /</subfield>
         <subfield code="r">Peter J. Parsons --</subfield>
      </datafield>
      <datafield tag="505" ind1="8" ind2="0">
         <subfield code="t">Three Mummy Labels in the Kelsey Museum of Archaeology : (Kelsey Museum inv. 23454, Thebes ?, middle II C.E.) ; (Kelsey Museum inv. 1999.3.1, Thebes ?, II-III C.E.?) ; (Kelsey Museum inv. 4792, Upper Egypt, II C.E.) /</subfield>
         <subfield code="r">Terry G. Wilfong --</subfield>
         <subfield code="t">Claudius Lucilianus, préfet d'aile et de Bérénice (I.Did. inv. 940, Didymoi, around 190 A.D.) /</subfield>
         <subfield code="r">Hélène Cuvigny --</subfield>
         <subfield code="t">A New Agnitio Bonorum Possessionis (P. Mich. inv. 1946, Oxyrhynchus, 269-270 A.D.) /</subfield>
         <subfield code="r">Traianos Gagos and Paul Heilporn --</subfield>
         <subfield code="t">296 Drachmas for each Soldier : MS Schøyen 224/1Recto (Schøyen MS 224/1, unknown provenance, III A.D.) /</subfield>
         <subfield code="r">Revel A. Coles and Roger S.O. Tomlin --</subfield>
         <subfield code="t">Fragment de correspondance officielle (P.Cair.Cat. 10572, Hermoupolis?, first quarter of IV A.D) /</subfield>
         <subfield code="r">Alain Martin --</subfield>
         <subfield code="t">Quattro contratti di trasporto verso Panopolis (PL III/541, Panopolis?, 7 September 338 A.D.) /</subfield>
         <subfield code="r">Rosario Pintaudi --</subfield>
         <subfield code="t">Fragment eines bilinguen Verhandlungs-protokolls (P.Heid. Inv. G 59, unkown provenance, end of IV/V A.D.?) /</subfield>
         <subfield code="r">Ursula and Dieter Hagedorn --</subfield>
         <subfield code="t">Schedule of Prices and Shipping List (P.Mich. inv. 5576c, unknown provenance, V A.D.) /</subfield>
         <subfield code="r">Peter van Minnen --</subfield>
         <subfield code="t">Official Receipt for Kalandarika and Another Payment (P.E.E.S. Misc. II 186(a), Hermoupolis, V/VI A.D.) /</subfield>
         <subfield code="r">John R. Rea --</subfield>
         <subfield code="t">A Deed of Exchange from Aphrodito (P.Michael. 51 + P.Colon. inv. 1376, Aphrodito, ca. 514-547, before 358?) /</subfield>
         <subfield code="r">Ludwig Koenen --</subfield>
         <subfield code="t">A Flavia Christodote Fragment from Giessen (P.bibl. univ. Giss. inv. 63, Oxyrhynchus, 572 or 573? A.D.) /</subfield>
         <subfield code="r">Todd M. Hickey and James G. Keenan --</subfield>
         <subfield code="t">Some Egyptian Datings from the Reign of Phocas (P.E.E.S. Misc. inv. II 191b, Hermopolis, 30 August - 28 September 603) /</subfield>
         <subfield code="r">Nikolaos Gonis --</subfield>
         <subfield code="t">A Coptic Graffito from the Valley Building at Deir Mustafa Kashef /</subfield>
         <subfield code="r">Roger S. Bagnall.</subfield>
      </datafield>
      <datafield tag="546" ind1=" " ind2=" ">
         <subfield code="a">Essays and commentary in English; texts in Greek, one text in Coptic.</subfield>
      </datafield>
      <datafield tag="650" ind1=" " ind2="0">
         <subfield code="a">Manuscripts, Classical (Papyri)</subfield>
      </datafield>
      <datafield tag="650" ind1=" " ind2="0">
         <subfield code="a">Classical literature</subfield>
         <subfield code="x">Criticism, Textual.</subfield>
      </datafield>
      <datafield tag="651" ind1=" " ind2="0">
         <subfield code="a">Egypt</subfield>
         <subfield code="x">Antiquities.</subfield>
      </datafield>
      <datafield tag="650" ind1=" " ind2="0">
         <subfield code="a">Classical languages</subfield>
         <subfield code="v">Texts.</subfield>
      </datafield>
      <datafield tag="650" ind1=" " ind2="0">
         <subfield code="a">Coptic language</subfield>
         <subfield code="v">Texts.</subfield>
      </datafield>
      <datafield tag="600" ind1="1" ind2="4">
         <subfield code="a">Thomas, J. David</subfield>
         <subfield code="q">(John David)</subfield>
      </datafield>
      <datafield tag="650" ind1=" " ind2="7">
         <subfield code="a">Classical languages.</subfield>
         <subfield code="2">fast</subfield>
         <subfield code="0">(OCoLC)fst00863486</subfield>
      </datafield>
      <datafield tag="650" ind1=" " ind2="7">
         <subfield code="a">Classical literature.</subfield>
         <subfield code="2">fast</subfield>
         <subfield code="0">(OCoLC)fst00863509</subfield>
      </datafield>
      <datafield tag="650" ind1=" " ind2="7">
         <subfield code="a">Manuscripts, Classical (Papyri)</subfield>
         <subfield code="2">fast</subfield>
         <subfield code="0">(OCoLC)fst01008314</subfield>
      </datafield>
      <datafield tag="600" ind1="1" ind2="7">
         <subfield code="a">Thomas, John David,</subfield>
         <subfield code="d">1931-</subfield>
         <subfield code="0">(DE-588)124157262</subfield>
         <subfield code="2">gnd</subfield>
      </datafield>
      <datafield tag="655" ind1=" " ind2="7">
         <subfield code="a">Criticism, interpretation, etc.</subfield>
         <subfield code="2">fast</subfield>
         <subfield code="0">(OCoLC)fst01411635</subfield>
      </datafield>
      <datafield tag="655" ind1=" " ind2="7">
         <subfield code="a">Texts.</subfield>
         <subfield code="2">fast</subfield>
         <subfield code="0">(OCoLC)fst01423705</subfield>
      </datafield>
      <datafield tag="700" ind1="1" ind2=" ">
         <subfield code="a">Gagos, Traianos.</subfield>
      </datafield>
      <datafield tag="700" ind1="1" ind2=" ">
         <subfield code="a">Bagnall, Roger S.</subfield>
      </datafield>
      <datafield tag="700" ind1="1" ind2=" ">
         <subfield code="a">Thomas, J. David</subfield>
         <subfield code="q">(John David),</subfield>
         <subfield code="e">honoree.</subfield>
      </datafield>
      <datafield tag="740" ind1="0" ind2=" ">
         <subfield code="a">P.Thomas</subfield>
      </datafield>
      <datafield tag="776" ind1="0" ind2="8">
         <subfield code="i">Online version:</subfield>
         <subfield code="t">Essays and texts in honor of J. David Thomas.</subfield>
         <subfield code="d">[Oakville, Conn.] : American Society of Papyrologists, ©2001</subfield>
         <subfield code="w">(OCoLC)682462981</subfield>
      </datafield>
      <datafield tag="830" ind1=" " ind2="0">
         <subfield code="a">American studies in papyrology ;</subfield>
         <subfield code="v">v. 42.</subfield>
      </datafield>
      <datafield tag="856" ind1="4" ind2="1">
         <subfield code="3">Table of contents</subfield>
         <subfield code="q">text/html</subfield>
         <subfield code="u">http://swbplus.bsz-bw.de/bsz095016872inh.htm</subfield>
      </datafield>
      <datafield tag="856" ind1="4" ind2="1">
         <subfield code="3">Table of contents</subfield>
         <subfield code="u">http://bvbr.bib-bvb.de:8991/F?func=service&amp;doc_library=BVB01&amp;local_base=BVB01&amp;doc_number=009512686&amp;line_number=0001&amp;func_code=DB_RECORDS&amp;service_type=MEDIA</subfield>
      </datafield>
      <datafield tag="OWN" ind1=" " ind2=" ">
         <subfield code="a">GENERAL</subfield>
      </datafield>
      <datafield tag="AVA" ind1=" " ind2=" ">
         <subfield code="a">NYU50</subfield>
         <subfield code="b">BOBST</subfield>
         <subfield code="c">Main Collection</subfield>
         <subfield code="d">PA3339 .E88 2001</subfield>
         <subfield code="e">available</subfield>
         <subfield code="t">Available</subfield>
         <subfield code="f">1</subfield>
         <subfield code="g">0</subfield>
         <subfield code="h">N</subfield>
         <subfield code="i">2</subfield>
         <subfield code="j">MAIN</subfield>
         <subfield code="k">0</subfield>
      </datafield>
      <datafield tag="AVA" ind1=" " ind2=" ">
         <subfield code="a">NYU50</subfield>
         <subfield code="b">NISAW</subfield>
         <subfield code="c">Large Collection</subfield>
         <subfield code="d">PA3339 .E88 2001</subfield>
         <subfield code="e">available</subfield>
         <subfield code="t">Available</subfield>
         <subfield code="f">1</subfield>
         <subfield code="g">0</subfield>
         <subfield code="h">N</subfield>
         <subfield code="i">0</subfield>
         <subfield code="j">LARGE</subfield>
         <subfield code="k">0</subfield>
      </datafield>
      <marc:datafield tag="852" ind1=" " ind2=" ">
         <marc:subfield code="b">Institute for the Study of the Ancient World, </marc:subfield>
         <marc:subfield code="c">Large Collection</marc:subfield>
         <marc:subfield code="e">15 East 84th St., </marc:subfield>
         <marc:subfield code="e">New York, NY  10028</marc:subfield>
      </marc:datafield>
   </record>