
  
  
  
  
  
 
  
  <record xsi:schemaLocation="http://www.loc.gov/MARC21/slim http://www.loc.gov/standards/marcxml/schema/MARC21slim.xsd">
      <leader>00000cam a22      a 4500</leader>
      <controlfield tag="FMT">BK</controlfield>
      <controlfield tag="LDR">00000cam a22      a 4500</controlfield>
      <controlfield tag="001">004258911</controlfield>
      <controlfield tag="005">20160302095037.0</controlfield>
      <controlfield tag="008">160302s2010    gau           000 0 grc d</controlfield>
      <datafield tag="010" ind1=" " ind2=" ">
         <subfield code="a">  2015430460</subfield>
      </datafield>
      <datafield tag="020" ind1=" " ind2=" ">
         <subfield code="a">9781589835351</subfield>
      </datafield>
      <datafield tag="020" ind1=" " ind2=" ">
         <subfield code="a">1589835352</subfield>
      </datafield>
      <datafield tag="024" ind1="8" ind2=" ">
         <subfield code="a">40019073038</subfield>
      </datafield>
      <datafield tag="035" ind1=" " ind2=" ">
         <subfield code="a">(OCoLC)912509289</subfield>
      </datafield>
      <datafield tag="040" ind1=" " ind2=" ">
         <subfield code="a">GGB</subfield>
         <subfield code="b">eng</subfield>
         <subfield code="c">GGB</subfield>
         <subfield code="d">DLC</subfield>
         <subfield code="d">OCLCO</subfield>
      </datafield>
      <datafield tag="041" ind1="0" ind2=" ">
         <subfield code="a">grc</subfield>
         <subfield code="a">eng</subfield>
      </datafield>
      <datafield tag="042" ind1=" " ind2=" ">
         <subfield code="a">lccopycat</subfield>
      </datafield>
      <datafield tag="050" ind1="0" ind2="0">
         <subfield code="a">BS1965</subfield>
         <subfield code="b">2010</subfield>
      </datafield>
      <datafield tag="082" ind1="0" ind2="4">
         <subfield code="a">225.48</subfield>
      </datafield>
      <datafield tag="130" ind1="0" ind2=" ">
         <subfield code="a">Bible.</subfield>
         <subfield code="p">New Testament.</subfield>
         <subfield code="l">Greek.</subfield>
         <subfield code="f">2010.</subfield>
      </datafield>
      <datafield tag="245" ind1="1" ind2="0">
         <subfield code="a">Greek New Testament :</subfield>
         <subfield code="b">SBL edition /</subfield>
         <subfield code="c">edited by Michael W. Holmes.</subfield>
      </datafield>
      <datafield tag="246" ind1="3" ind2=" ">
         <subfield code="a">SBL Greek New Testament</subfield>
      </datafield>
      <datafield tag="246" ind1="3" ind2=" ">
         <subfield code="a">SBLGNT</subfield>
      </datafield>
      <datafield tag="260" ind1=" " ind2=" ">
         <subfield code="a">Atlanta, Georgia :</subfield>
         <subfield code="b">Society of Biblical Literature ;</subfield>
         <subfield code="a">Bellingham, Washington :</subfield>
         <subfield code="b">Logos Bible Software,</subfield>
         <subfield code="c">©2010.</subfield>
      </datafield>
      <datafield tag="300" ind1=" " ind2=" ">
         <subfield code="a">xxiii, 516 pages ;</subfield>
         <subfield code="c">21 cm</subfield>
      </datafield>
      <datafield tag="336" ind1=" " ind2=" ">
         <subfield code="a">text</subfield>
         <subfield code="b">txt</subfield>
         <subfield code="2">rdacontent</subfield>
      </datafield>
      <datafield tag="337" ind1=" " ind2=" ">
         <subfield code="a">unmediated</subfield>
         <subfield code="b">n</subfield>
         <subfield code="2">rdamedia</subfield>
      </datafield>
      <datafield tag="338" ind1=" " ind2=" ">
         <subfield code="a">volume</subfield>
         <subfield code="b">nc</subfield>
         <subfield code="2">rdacarrier</subfield>
      </datafield>
      <datafield tag="500" ind1=" " ind2=" ">
         <subfield code="a">" ... a new, critically edited edition of the Greek New Testament ... (SBLGNT) ... freely available in electronic form"--Preface.</subfield>
      </datafield>
      <datafield tag="500" ind1=" " ind2=" ">
         <subfield code="a">The electronic text of the SBLGNT may be freely downloaded at http://sblgnt.com.</subfield>
      </datafield>
      <datafield tag="546" ind1=" " ind2=" ">
         <subfield code="a">Text in Greek; preliminary matter in English.</subfield>
      </datafield>
      <datafield tag="500" ind1=" " ind2=" ">
         <subfield code="a">Includes "Appendix: The SBLGNT in comparison to ECM"--Page 515-516.</subfield>
      </datafield>
      <datafield tag="630" ind1="0" ind2="0">
         <subfield code="a">Bible.</subfield>
         <subfield code="p">New Testament.</subfield>
         <subfield code="l">Greek.</subfield>
      </datafield>
      <datafield tag="700" ind1="1" ind2=" ">
         <subfield code="a">Holmes, Michael W.</subfield>
         <subfield code="q">(Michael William),</subfield>
         <subfield code="d">1950-</subfield>
      </datafield>
      <datafield tag="710" ind1="2" ind2=" ">
         <subfield code="a">Society of Biblical Literature.</subfield>
      </datafield>
      <datafield tag="856" ind1="4" ind2="1">
         <subfield code="u">http://sblgnt.com/</subfield>
      </datafield>
      <datafield tag="OWN" ind1=" " ind2=" ">
         <subfield code="a">GENERAL</subfield>
      </datafield>
      <datafield tag="AVA" ind1=" " ind2=" ">
         <subfield code="a">NYU50</subfield>
         <subfield code="b">NISAW</subfield>
         <subfield code="c">Reference 3 Collection</subfield>
         <subfield code="d">BS1965 2010</subfield>
         <subfield code="e">available</subfield>
         <subfield code="t">Available</subfield>
         <subfield code="f">1</subfield>
         <subfield code="g">0</subfield>
         <subfield code="h">N</subfield>
         <subfield code="i">0</subfield>
         <subfield code="j">REF3</subfield>
         <subfield code="k">0</subfield>
      </datafield>
      <marc:datafield tag="852" ind1=" " ind2=" ">
         <marc:subfield code="b">Institute for the Study of the Ancient World, </marc:subfield>
         <marc:subfield code="c">Reference 3 Collection</marc:subfield>
         <marc:subfield code="e">15 East 84th St., </marc:subfield>
         <marc:subfield code="e">New York, NY  10028</marc:subfield>
      </marc:datafield>
   </record>