
  
  
  
  
 
  
  <record xsi:schemaLocation="http://www.loc.gov/MARC21/slim http://www.loc.gov/standards/marcxml/schema/MARC21slim.xsd">
      <leader>00000cam a22      i 4500</leader>
      <controlfield tag="FMT">BK</controlfield>
      <controlfield tag="LDR">00000cam a22      i 4500</controlfield>
      <controlfield tag="001">004258949</controlfield>
      <controlfield tag="005">20160308130323.0</controlfield>
      <controlfield tag="008">160302t20152015gw ae    b    101 0 ger d</controlfield>
      <datafield tag="020" ind1=" " ind2=" ">
         <subfield code="a">9783515111270</subfield>
         <subfield code="q">(pbk.)</subfield>
      </datafield>
      <datafield tag="020" ind1=" " ind2=" ">
         <subfield code="a">3515111271</subfield>
         <subfield code="q">(pbk.)</subfield>
      </datafield>
      <datafield tag="024" ind1="3" ind2=" ">
         <subfield code="a">9783515111270</subfield>
      </datafield>
      <datafield tag="035" ind1=" " ind2=" ">
         <subfield code="a">(OCoLC)912385483</subfield>
      </datafield>
      <datafield tag="040" ind1=" " ind2=" ">
         <subfield code="a">OHX</subfield>
         <subfield code="b">eng</subfield>
         <subfield code="e">rda</subfield>
         <subfield code="c">OHX</subfield>
         <subfield code="d">OCLCQ</subfield>
         <subfield code="d">JPG</subfield>
         <subfield code="d">EMU</subfield>
         <subfield code="d">COO</subfield>
         <subfield code="d">OCLCF</subfield>
         <subfield code="d">MEAUC</subfield>
         <subfield code="d">YDXCP</subfield>
         <subfield code="d">NNU</subfield>
      </datafield>
      <datafield tag="041" ind1="0" ind2=" ">
         <subfield code="a">ger</subfield>
         <subfield code="a">eng</subfield>
         <subfield code="a">fre</subfield>
      </datafield>
      <datafield tag="043" ind1=" " ind2=" ">
         <subfield code="a">f-ua---</subfield>
      </datafield>
      <datafield tag="050" ind1=" " ind2="4">
         <subfield code="a">PJ1670</subfield>
         <subfield code="b">.A39 2015</subfield>
      </datafield>
      <datafield tag="072" ind1=" " ind2="7">
         <subfield code="a">PJ</subfield>
         <subfield code="2">lcco</subfield>
      </datafield>
      <datafield tag="245" ind1="0" ind2="0">
         <subfield code="a">Ägyptologische "Binsen"-Weisheiten I-II :</subfield>
         <subfield code="b">neue Forschungen und Methoden der Hieratistik : Akten zweier Tagungen in Mainz im April 2011 und März 2013 /</subfield>
         <subfield code="c">Ursula Verhoeven (Hrsg.).</subfield>
      </datafield>
      <datafield tag="264" ind1=" " ind2="1">
         <subfield code="a">Mainz :</subfield>
         <subfield code="b">Akademie der Wissenschaften und der Literatur ;</subfield>
         <subfield code="a">Stuttgart :</subfield>
         <subfield code="b">Franz Steiner Verlag,</subfield>
         <subfield code="c">[2015]</subfield>
      </datafield>
      <datafield tag="264" ind1=" " ind2="4">
         <subfield code="c">©2015</subfield>
      </datafield>
      <datafield tag="300" ind1=" " ind2=" ">
         <subfield code="a">489 pages :</subfield>
         <subfield code="b">illustrations (some color), plans ;</subfield>
         <subfield code="c">25 cm.</subfield>
      </datafield>
      <datafield tag="336" ind1=" " ind2=" ">
         <subfield code="a">text</subfield>
         <subfield code="b">txt</subfield>
         <subfield code="2">rdacontent</subfield>
      </datafield>
      <datafield tag="337" ind1=" " ind2=" ">
         <subfield code="a">unmediated</subfield>
         <subfield code="b">n</subfield>
         <subfield code="2">rdamedia</subfield>
      </datafield>
      <datafield tag="338" ind1=" " ind2=" ">
         <subfield code="a">volume</subfield>
         <subfield code="b">nc</subfield>
         <subfield code="2">rdacarrier</subfield>
      </datafield>
      <datafield tag="490" ind1="1" ind2=" ">
         <subfield code="a">Abhandlungen der Geistes- und sozialwissenschaftlichen Klasse. Einzelveröffentlichung / Akademie der Wissenschaften und der Literatur,</subfield>
         <subfield code="x">0002-2977 ;</subfield>
         <subfield code="v">Nr. 14</subfield>
      </datafield>
      <datafield tag="546" ind1=" " ind2=" ">
         <subfield code="a">In German, with five contributions in English and four in French.</subfield>
      </datafield>
      <datafield tag="500" ind1=" " ind2=" ">
         <subfield code="a">International conference proceedings.</subfield>
      </datafield>
      <datafield tag="500" ind1=" " ind2=" ">
         <subfield code="a">Academy publication.</subfield>
      </datafield>
      <datafield tag="504" ind1=" " ind2=" ">
         <subfield code="a">Includes bibliographical references and index.</subfield>
      </datafield>
      <datafield tag="505" ind1="0" ind2="0">
         <subfield code="g">I.</subfield>
         <subfield code="t">Einführung.</subfield>
         <subfield code="t">Stand und Aufgaben der Erforschung des Hieratischen und der Kursivhieroglyphen /</subfield>
         <subfield code="r">Verhoeven, Ursula.</subfield>
         <subfield code="g">II.</subfield>
         <subfield code="t">Hieratisch im Verhältnis zu anderen Schriftarten.</subfield>
         <subfield code="t">Hieratic Drafts for Hieroglyphic Texts? /</subfield>
         <subfield code="r">Haring, Ben J. J. --</subfield>
         <subfield code="t">Kursivhieroglyphische Ostraka als Textvorlagen: Der (Glücks-) Fall TT 87 /</subfield>
         <subfield code="r">Lüscher, Barbara --</subfield>
         <subfield code="t">Über den parallelen Gebrauch von hieroglyphischen, kursivhieroglyphischen und hieratischen Schriftzeichen in Totentexten /</subfield>
         <subfield code="r">Graefe, Erhart --</subfield>
         <subfield code="t">Hieratisch mit Migrationshintergrund. Neue Quellen zu den hieratischen Elementen in der hebräischen Alphabetschrift /</subfield>
         <subfield code="r">Wimmer, Stefan.</subfield>
         <subfield code="g">III.</subfield>
         <subfield code="t">Erforschung heterogener Quellengruppen.</subfield>
         <subfield code="t">Das hieratische Schriftmaterial aus den Grabungen der Kairo Universität in Sakkara - Vorbericht /</subfield>
         <subfield code="r">Ali, Mohamed Sherif --</subfield>
         <subfield code="t">Diachrone Veränderungen der Handschrift des Nekropolenschreibers Ammunnacht, Sohn des Ipui /</subfield>
         <subfield code="r">Dorn, Andreas --</subfield>
         <subfield code="t">Ostraca littéraires de Deir el-Medina conservés à l'IFAO. Du calame à l'ordinateur /</subfield>
         <subfield code="r">Gasse, Annie.</subfield>
      </datafield>
      <datafield tag="505" ind1="8" ind2="0">
         <subfield code="g">IV.</subfield>
         <subfield code="t">Hieratische Epigraphik vom Mittleren Reich bis zur Napatanischen Epoche.</subfield>
         <subfield code="t">L'hiératique dans les inscriptions du Moyen Empire au ouâdi Hammâmât : quelques remarques sur le règne de Sésostris II /</subfield>
         <subfield code="r">Gasse, Annie --</subfield>
         <subfield code="t">Records of Hieratic Graffiti in Dahshur and the Use of Graffiti in the Study of New Kingdom Hieratic /</subfield>
         <subfield code="r">Navrátilová, Hana --</subfield>
         <subfield code="t">L'écriture hiératique en épigraphie à l'époque napatéenne /</subfield>
         <subfield code="r">Lenzo, Giuseppina.</subfield>
         <subfield code="g">V.</subfield>
         <subfield code="t">Hieratische Papyrologie verschiedener Epochen.</subfield>
         <subfield code="t">Papyrus Fragments From Asyut: A Palaeographic Comparison /</subfield>
         <subfield code="r">Regulski, Ilona --</subfield>
         <subfield code="t">A Late New Kingdom Administrative Miscellany on the verso of a Magical Papyrus in the British Museum - Preliminary Notes /</subfield>
         <subfield code="r">Demarée, Robert J. --</subfield>
         <subfield code="t">Un même propriétaire pour deux manuscrits? Paléographie du Papyrus Barcelone Palau-Rib. inv. 80 /</subfield>
         <subfield code="r">Vuilleumier, Sandrine.</subfield>
         <subfield code="g">VI.</subfield>
         <subfield code="t">Spätformen des Hieratischen.</subfield>
         <subfield code="t">Abnorm hieratic isn't dead; it just smells funny /</subfield>
         <subfield code="r">Donker van Heel, Koenraad --</subfield>
         <subfield code="t">Der Stand der Erforschung des Kursivhieratischen (und neue Texte) /</subfield>
         <subfield code="r">Vittmann, Günter --</subfield>
         <subfield code="t">Rohrfedertorheiten? Bemerkungen zum römerzeitlichen Hieratisch /</subfield>
         <subfield code="r">Quack, Joachim Friedrich.</subfield>
      </datafield>
      <datafield tag="650" ind1=" " ind2="0">
         <subfield code="a">Inscriptions, Egyptian</subfield>
         <subfield code="v">Congresses.</subfield>
      </datafield>
      <datafield tag="650" ind1=" " ind2="0">
         <subfield code="a">Egyptian language</subfield>
         <subfield code="v">Papyri, Hieratic</subfield>
         <subfield code="v">Congresses.</subfield>
      </datafield>
      <datafield tag="651" ind1=" " ind2="0">
         <subfield code="a">Egypt</subfield>
         <subfield code="x">Antiquities</subfield>
         <subfield code="v">Congresses.</subfield>
      </datafield>
      <datafield tag="700" ind1="1" ind2=" ">
         <subfield code="a">Verhoeven, Ursula,</subfield>
         <subfield code="e">editor.</subfield>
      </datafield>
      <datafield tag="830" ind1=" " ind2="0">
         <subfield code="a">Abhandlungen der Geistes- und Sozialwissenschaftlichen Klasse.</subfield>
         <subfield code="p">Einzelveröffentlichung ;</subfield>
         <subfield code="v">14.</subfield>
      </datafield>
      <datafield tag="OWN" ind1=" " ind2=" ">
         <subfield code="a">GENERAL</subfield>
      </datafield>
      <datafield tag="AVA" ind1=" " ind2=" ">
         <subfield code="a">NYU50</subfield>
         <subfield code="b">NISAW</subfield>
         <subfield code="c">Small Collection</subfield>
         <subfield code="d">PJ1670 .A39 2015</subfield>
         <subfield code="e">available</subfield>
         <subfield code="t">Available</subfield>
         <subfield code="f">1</subfield>
         <subfield code="g">0</subfield>
         <subfield code="h">N</subfield>
         <subfield code="i">0</subfield>
         <subfield code="j">SMALL</subfield>
         <subfield code="k">0</subfield>
      </datafield>
      <marc:datafield tag="852" ind1=" " ind2=" ">
         <marc:subfield code="b">Institute for the Study of the Ancient World, </marc:subfield>
         <marc:subfield code="c">Small Collection</marc:subfield>
         <marc:subfield code="e">15 East 84th St., </marc:subfield>
         <marc:subfield code="e">New York, NY  10028</marc:subfield>
      </marc:datafield>
   </record>