
  
  
  
  
  
 
  
  <record xsi:schemaLocation="http://www.loc.gov/MARC21/slim http://www.loc.gov/standards/marcxml/schema/MARC21slim.xsd">
      <leader>00000cam a2200757 i 4500</leader>
      <controlfield tag="FMT">BK</controlfield>
      <controlfield tag="LDR">00000cam a2200757 i 4500</controlfield>
      <controlfield tag="001">004259394</controlfield>
      <controlfield tag="003">OCoLC</controlfield>
      <controlfield tag="005">20160310113432.0</controlfield>
      <controlfield tag="008">160303s1991    it ab    b    001 0 ita c</controlfield>
      <datafield tag="020" ind1=" " ind2=" ">
         <subfield code="a">8874680953</subfield>
      </datafield>
      <datafield tag="020" ind1=" " ind2=" ">
         <subfield code="a">9788874680955</subfield>
      </datafield>
      <datafield tag="035" ind1=" " ind2=" ">
         <subfield code="a">(OCoLC)25717121</subfield>
      </datafield>
      <datafield tag="040" ind1=" " ind2=" ">
         <subfield code="a">NDD</subfield>
         <subfield code="b">eng</subfield>
         <subfield code="e">rda</subfield>
         <subfield code="c">NDD</subfield>
         <subfield code="d">CIN</subfield>
         <subfield code="d">C3L</subfield>
         <subfield code="d">NLGGC</subfield>
         <subfield code="d">OCLCQ</subfield>
         <subfield code="d">LVB</subfield>
         <subfield code="d">OCLCG</subfield>
         <subfield code="d">ESSAL</subfield>
         <subfield code="d">ZWZ</subfield>
         <subfield code="d">OCLCQ</subfield>
         <subfield code="d">OCLCA</subfield>
         <subfield code="d">OCLCF</subfield>
         <subfield code="d">OCLCO</subfield>
         <subfield code="d">OCLCQ</subfield>
         <subfield code="d">UBY</subfield>
         <subfield code="d">OCLCO</subfield>
         <subfield code="d">NNU</subfield>
      </datafield>
      <datafield tag="041" ind1="0" ind2=" ">
         <subfield code="a">ita</subfield>
         <subfield code="a">eng</subfield>
         <subfield code="a">fre</subfield>
         <subfield code="a">ger</subfield>
         <subfield code="a">lat</subfield>
      </datafield>
      <datafield tag="042" ind1=" " ind2=" ">
         <subfield code="a">pcc</subfield>
      </datafield>
      <datafield tag="043" ind1=" " ind2=" ">
         <subfield code="a">e-gr---</subfield>
         <subfield code="a">f-ua---</subfield>
      </datafield>
      <datafield tag="045" ind1=" " ind2=" ">
         <subfield code="a">d4i-</subfield>
      </datafield>
      <datafield tag="050" ind1=" " ind2="4">
         <subfield code="a">PA3081</subfield>
         <subfield code="b">.L58 1991</subfield>
      </datafield>
      <datafield tag="082" ind1="0" ind2="4">
         <subfield code="a">091</subfield>
         <subfield code="b">Z18F, v. 21</subfield>
      </datafield>
      <datafield tag="084" ind1=" " ind2=" ">
         <subfield code="a">15.28</subfield>
         <subfield code="2">bcl</subfield>
      </datafield>
      <datafield tag="100" ind1="1" ind2=" ">
         <subfield code="a">Livrea, Enrico,</subfield>
         <subfield code="e">author.</subfield>
      </datafield>
      <datafield tag="245" ind1="1" ind2="0">
         <subfield code="a">Studia hellenistica /</subfield>
         <subfield code="c">Enrico Livrea.</subfield>
      </datafield>
      <datafield tag="264" ind1=" " ind2="1">
         <subfield code="a">Firenze :</subfield>
         <subfield code="b">Edizioni Gonnelli,</subfield>
         <subfield code="c">1991.</subfield>
      </datafield>
      <datafield tag="300" ind1=" " ind2=" ">
         <subfield code="a">2 volumes (xiii, 664 pages) :</subfield>
         <subfield code="b">illustrations, maps ;</subfield>
         <subfield code="c">31 cm.</subfield>
      </datafield>
      <datafield tag="336" ind1=" " ind2=" ">
         <subfield code="a">text</subfield>
         <subfield code="b">txt</subfield>
         <subfield code="2">rdacontent</subfield>
      </datafield>
      <datafield tag="336" ind1=" " ind2=" ">
         <subfield code="a">still image</subfield>
         <subfield code="2">rdacontent</subfield>
      </datafield>
      <datafield tag="336" ind1=" " ind2=" ">
         <subfield code="a">cartographic image</subfield>
         <subfield code="2">rdacontent</subfield>
      </datafield>
      <datafield tag="337" ind1=" " ind2=" ">
         <subfield code="a">unmediated</subfield>
         <subfield code="b">n</subfield>
         <subfield code="2">rdamedia</subfield>
      </datafield>
      <datafield tag="338" ind1=" " ind2=" ">
         <subfield code="a">volume</subfield>
         <subfield code="b">nc</subfield>
         <subfield code="2">rdacarrier</subfield>
      </datafield>
      <datafield tag="490" ind1="1" ind2=" ">
         <subfield code="a">Papyrologica Florentina ;</subfield>
         <subfield code="v">volume XXI</subfield>
      </datafield>
      <datafield tag="546" ind1=" " ind2=" ">
         <subfield code="a">Italian, English, French, German, and Latin.</subfield>
      </datafield>
      <datafield tag="504" ind1=" " ind2=" ">
         <subfield code="a">Includes bibliographical references and index.</subfield>
      </datafield>
      <datafield tag="505" ind1="0" ind2="0">
         <subfield code="g">pt. 1.</subfield>
         <subfield code="t">Introduzione --</subfield>
         <subfield code="t">Per il Testo di Apollonio Rodio --</subfield>
         <subfield code="t">Un'Eco Saffica in Apollonio Rodio --</subfield>
         <subfield code="t">Per il Testo di Apollonio Rodio --</subfield>
         <subfield code="t">Miscellanea Apolloniana --</subfield>
         <subfield code="t">Su Apollonio Rodio, Nicandro e Nonno --</subfield>
         <subfield code="t">L'Apollonio Rodio di Hermann Fränkel --</subfield>
         <subfield code="t">Una "Tecnica Allusiva" Apolloniana alla Luce dell'Esegesi Omerica Alessandrina --</subfield>
         <subfield code="t">Rec. A.G. Giangrande --</subfield>
         <subfield code="t">Note Apolloniane --</subfield>
         <subfield code="t">Apoll. Rh. I. 262 --</subfield>
         <subfield code="t">Da Pagasai a Lemnos --</subfield>
         <subfield code="t">L'Épos Philologique : Apollonios de Rhodes et quelques Homérismes Méconnus --</subfield>
         <subfield code="t">Rec. a F. Vian - É. Delage I --</subfield>
         <subfield code="t">Rec. a F. Vian - É. Delage II --</subfield>
         <subfield code="t">Rec. a F. Vian - É. Delage III --</subfield>
         <subfield code="t">Il Sudore degli Argonauti all'Elba --</subfield>
         <subfield code="t">L'Episodio Libyco nel Quarto Libro delle Argonautiche di Apollonio Rodio --</subfield>
         <subfield code="t">Rec. a G. Serrao --</subfield>
         <subfield code="t">Nota al Nuovo Callimaco di Lille --</subfield>
         <subfield code="t">Der Liller Kallimachos und die Mausefallen --</subfield>
         <subfield code="t">Theutis Once Again --</subfield>
         <subfield code="t">Call. Ia. Fr. 191. 38-9 --</subfield>
         <subfield code="t">Callimachi Fragmentum de Muscipulis (177 Pf.) --</subfield>
         <subfield code="t">Polittico Callimacheo :Contributi al testo della Victoria Berenices --</subfield>
         <subfield code="t">I Cavalli di Berenice --</subfield>
         <subfield code="t">P. Oxy. 2463 : Lycophron and Callimachus --</subfield>
         <subfield code="t">Rec. a F. Williams --</subfield>
         <subfield code="t">Rec. a W.H. Mineur --</subfield>
         <subfield code="t">Euphor. Fr. 73 v.Gr --</subfield>
         <subfield code="t">Ad Cercidae Carmen Restituendum --</subfield>
         <subfield code="t">Un Frammento di Cleante ed i Meliambi di P. Oxy. 1082 --</subfield>
         <subfield code="t">La Morte di Diogene Cinico --</subfield>
         <subfield code="t">Sul [phoinichidēs] di Stratone Comico --</subfield>
         <subfield code="t">P. Harris II 170. Gnomologio con Testi Comici --</subfield>
         <subfield code="t">Ennio e le Lacrime di Omero --</subfield>
         <subfield code="t">La Morte di Clitorio (SH 975) --</subfield>
         <subfield code="t">Il Piede di Eupalamo (Antip. A.P. 12.97) --</subfield>
         <subfield code="t">Un Nuovo Frammento Epico Fiorentino --</subfield>
         <subfield code="t">P. Laur. Inv. II/29 : Ecateo? --</subfield>
         <subfield code="t">P. Köln IV. 179. Adespoton : Testo con Illustrazioni --</subfield>
         <subfield code="t">Rec. a H. Lloyd-Jones/P. Parsons --</subfield>
         <subfield code="t">Ancora su Orazio Poeta Greco --</subfield>
         <subfield code="t">Rec. a A.W. James --</subfield>
         <subfield code="t">Una Crux in Quinto Smirneo.</subfield>
         <subfield code="t">Rec. a A. Hurst - O. Reverdin - J. Rudhardt (P. Bodmer XXIX).</subfield>
         <subfield code="t">Contributi al Testo della Blemyomachia.</subfield>
         <subfield code="t">Chi è l'Autore della Blemyomachia (P. Berol. 5003)?.</subfield>
      </datafield>
      <datafield tag="505" ind1="8" ind2="0">
         <subfield code="g">pt. 2.</subfield>
         <subfield code="t">Rec. a A. Hurst, O. Reverdin, J. Rudhardt (P. Bodmer XXIX) --</subfield>
         <subfield code="t">Contributi al Testo della Blemyomachia --</subfield>
         <subfield code="t">Chi è l'Autore della Blemyomachia (P. Berol. 5003)? --</subfield>
         <subfield code="t">Triphiod. v. 582 W --</subfield>
         <subfield code="t">Per una Nuova Edizione Critica di Trifiodoro --</subfield>
         <subfield code="t">Un Nuovo Codice di Trifiodoro --</subfield>
         <subfield code="t">Verso una Nuova Edizione di Trifiodoro. I. Una Lettera Inedita di J.F. Boissonade ed il Paris. Gr. 2600. --</subfield>
         <subfield code="t">P. Oxy. 2946 e la Constitutio Textus di Trifiodoro --</subfield>
         <subfield code="t">La Metamorfosi di Io --</subfield>
         <subfield code="t">Il Poeta ed il Vescovo. La "Questione Nonniana" e la Storia --</subfield>
         <subfield code="t">Rec. a P. Chuvin --</subfield>
         <subfield code="t">Per il Testo di Nonn. Par [sigma] --</subfield>
         <subfield code="t">Nonno Interprete di Ev. Jo. 18.4-7 --</subfield>
         <subfield code="t">Towards a New Edition of Nunnus' Paraphrase of St. John's Gospel --</subfield>
         <subfield code="t">Due Note a Papiri Tardoepici --</subfield>
         <subfield code="t">Pamprepio ed il P. Vindob. 29788 A-C --</subfield>
         <subfield code="t">Nuovi Contributi al Testo dei Frr. 1, 2 e 4 di Pamprepio (XXXV Heitsch2) --</subfield>
         <subfield code="t">Per una Nuova Edizione di Pamprepio di Panopoli (P. Vindob 29788 A-C) --</subfield>
         <subfield code="t">Ero e Leandro --</subfield>
         <subfield code="t">Geschichte der Textüberlieferung des Musaios Zwischen Byzanz und Renaissance --</subfield>
         <subfield code="t">Zu Apollonios Rhodios, Nonnos und Kolluth --</subfield>
         <subfield code="t">Per una Nuova Edizione di Colluto di Licopoli --</subfield>
         <subfield code="t">Colluto "Umorista"? --</subfield>
         <subfield code="t">Anthol. Pal. 5.36 (Rufino) --</subfield>
         <subfield code="t">Rec. a G. Viansino --</subfield>
         <subfield code="t">Indici /</subfield>
         <subfield code="r">a cura di P. Radici Colace.</subfield>
      </datafield>
      <datafield tag="650" ind1=" " ind2="0">
         <subfield code="a">Manuscripts, Greek (Papyri)</subfield>
      </datafield>
      <datafield tag="650" ind1=" " ind2="0">
         <subfield code="a">Greek poetry, Hellenistic</subfield>
         <subfield code="x">History and criticism.</subfield>
      </datafield>
      <datafield tag="600" ind1="0" ind2="0">
         <subfield code="a">Apollonius,</subfield>
         <subfield code="c">Rhodius</subfield>
         <subfield code="x">Criticism and interpretation.</subfield>
      </datafield>
      <datafield tag="600" ind1="0" ind2="7">
         <subfield code="a">Apollonius,</subfield>
         <subfield code="c">Rhodius.</subfield>
         <subfield code="2">fast</subfield>
         <subfield code="0">(OCoLC)fst00049101</subfield>
      </datafield>
      <datafield tag="650" ind1=" " ind2="7">
         <subfield code="a">Greek poetry, Hellenistic.</subfield>
         <subfield code="2">fast</subfield>
         <subfield code="0">(OCoLC)fst00947510</subfield>
      </datafield>
      <datafield tag="655" ind1=" " ind2="7">
         <subfield code="a">Criticism, interpretation, etc.</subfield>
         <subfield code="2">fast</subfield>
         <subfield code="0">(OCoLC)fst01411635</subfield>
      </datafield>
      <datafield tag="776" ind1="0" ind2="8">
         <subfield code="i">Online version:</subfield>
         <subfield code="a">Livrea, Enrico.</subfield>
         <subfield code="t">Studia hellenistica.</subfield>
         <subfield code="d">Firenze : Edizioni Gonnelli, 1991</subfield>
         <subfield code="w">(OCoLC)682467563</subfield>
      </datafield>
      <datafield tag="830" ind1=" " ind2="0">
         <subfield code="a">Papyrologica Florentina ;</subfield>
         <subfield code="v">v. 21.</subfield>
      </datafield>
      <datafield tag="994" ind1=" " ind2=" ">
         <subfield code="a">Z0</subfield>
         <subfield code="b">ZYU</subfield>
      </datafield>
      <datafield tag="OWN" ind1=" " ind2=" ">
         <subfield code="a">GENERAL</subfield>
      </datafield>
      <datafield tag="AVA" ind1=" " ind2=" ">
         <subfield code="a">NYU50</subfield>
         <subfield code="b">NISAW</subfield>
         <subfield code="c">Large Collection</subfield>
         <subfield code="d">PA3081 .L58 1991</subfield>
         <subfield code="e">available</subfield>
         <subfield code="t">Available</subfield>
         <subfield code="f">2</subfield>
         <subfield code="g">0</subfield>
         <subfield code="h">Y</subfield>
         <subfield code="i">0</subfield>
         <subfield code="j">LARGE</subfield>
         <subfield code="k">0</subfield>
      </datafield>
      <marc:datafield tag="852" ind1=" " ind2=" ">
         <marc:subfield code="b">Institute for the Study of the Ancient World, </marc:subfield>
         <marc:subfield code="c">Large Collection</marc:subfield>
         <marc:subfield code="e">15 East 84th St., </marc:subfield>
         <marc:subfield code="e">New York, NY  10028</marc:subfield>
      </marc:datafield>
   </record>