
  
  
  
  
  
 
  
  <record xsi:schemaLocation="http://www.loc.gov/MARC21/slim http://www.loc.gov/standards/marcxml/schema/MARC21slim.xsd">
      <leader>00000cam a2200553 i 4500</leader>
      <controlfield tag="FMT">BK</controlfield>
      <controlfield tag="LDR">00000cam a2200553 i 4500</controlfield>
      <controlfield tag="001">004259843</controlfield>
      <controlfield tag="003">OCoLC</controlfield>
      <controlfield tag="005">20160308161649.0</controlfield>
      <controlfield tag="008">160304s2010    it af    b    011 0 eng c</controlfield>
      <datafield tag="020" ind1=" " ind2=" ">
         <subfield code="a">9788874680320</subfield>
      </datafield>
      <datafield tag="020" ind1=" " ind2=" ">
         <subfield code="a">8874680325</subfield>
      </datafield>
      <datafield tag="035" ind1=" " ind2=" ">
         <subfield code="a">(OCoLC)711052459</subfield>
      </datafield>
      <datafield tag="040" ind1=" " ind2=" ">
         <subfield code="a">CGU</subfield>
         <subfield code="b">eng</subfield>
         <subfield code="e">rda</subfield>
         <subfield code="c">CGU</subfield>
         <subfield code="d">OCLCF</subfield>
         <subfield code="d">UBY</subfield>
         <subfield code="d">OCL</subfield>
         <subfield code="d">NNU</subfield>
      </datafield>
      <datafield tag="041" ind1="0" ind2=" ">
         <subfield code="a">eng</subfield>
         <subfield code="a">ger</subfield>
         <subfield code="a">grc</subfield>
         <subfield code="a">egy</subfield>
         <subfield code="a">ita</subfield>
      </datafield>
      <datafield tag="043" ind1=" " ind2=" ">
         <subfield code="a">e-no---</subfield>
         <subfield code="a">f-ua---</subfield>
      </datafield>
      <datafield tag="050" ind1=" " ind2="4">
         <subfield code="a">PA3309</subfield>
         <subfield code="b">.S34 2010</subfield>
      </datafield>
      <datafield tag="110" ind1="2" ind2=" ">
         <subfield code="a">Schøyen Collection,</subfield>
         <subfield code="e">creator.</subfield>
      </datafield>
      <datafield tag="245" ind1="1" ind2="0">
         <subfield code="a">Papyri graecae Schøyen (PSchøyen II) :</subfield>
         <subfield code="b">essays and texts in honour of Martin Schøyen /</subfield>
         <subfield code="c">[edited by] Diletta Minutoli, Rosario Pintaudi ; with an introduction by James M. Robinson.</subfield>
      </datafield>
      <datafield tag="246" ind1="3" ind2=" ">
         <subfield code="a">PSchøyen II</subfield>
      </datafield>
      <datafield tag="264" ind1=" " ind2="1">
         <subfield code="a">Firenze :</subfield>
         <subfield code="b">Gonnelli,</subfield>
         <subfield code="c">2010.</subfield>
      </datafield>
      <datafield tag="300" ind1=" " ind2=" ">
         <subfield code="a">277 pages, xxi pages of plates :</subfield>
         <subfield code="b">illustrations (some color) ;</subfield>
         <subfield code="c">31 cm.</subfield>
      </datafield>
      <datafield tag="336" ind1=" " ind2=" ">
         <subfield code="a">text</subfield>
         <subfield code="2">rdacontent</subfield>
      </datafield>
      <datafield tag="336" ind1=" " ind2=" ">
         <subfield code="a">still image</subfield>
         <subfield code="2">rdacontent</subfield>
      </datafield>
      <datafield tag="337" ind1=" " ind2=" ">
         <subfield code="a">unmediated</subfield>
         <subfield code="2">rdamedia</subfield>
      </datafield>
      <datafield tag="338" ind1=" " ind2=" ">
         <subfield code="a">volume</subfield>
         <subfield code="2">rdacarrier</subfield>
      </datafield>
      <datafield tag="490" ind1="1" ind2=" ">
         <subfield code="a">Papyrologica Florentina ;</subfield>
         <subfield code="v">XL</subfield>
      </datafield>
      <datafield tag="490" ind1="1" ind2=" ">
         <subfield code="a">Manuscripts in the Schøyen collection ;</subfield>
         <subfield code="v">V</subfield>
      </datafield>
      <datafield tag="504" ind1=" " ind2=" ">
         <subfield code="a">Includes bibliographical references and indexes.</subfield>
      </datafield>
      <datafield tag="546" ind1=" " ind2=" ">
         <subfield code="a">Commentary in English, Italian, and German, with original texts in Ancient Greek; one text in Demotic.</subfield>
      </datafield>
      <datafield tag="505" ind1="0" ind2="0">
         <subfield code="t">Introduction /</subfield>
         <subfield code="r">J.M. Robinson.</subfield>
         <subfield code="t">Texts.</subfield>
         <subfield code="g">26.</subfield>
         <subfield code="t">MS 2649: Leviticus /</subfield>
         <subfield code="r">K. De Troyer.</subfield>
         <subfield code="g">27.</subfield>
         <subfield code="t">Proprietà imperiali e tasse in un papiro della Collezione Schøyen (MS 180) /</subfield>
         <subfield code="r">G. Messer, R. Pintaudi.</subfield>
         <subfield code="g">28.</subfield>
         <subfield code="t">Certificati di penthemeros da Tebtynis nella collezione Martin Schøyen (MS 180) /</subfield>
         <subfield code="r">R. Pintaudi.</subfield>
         <subfield code="g">29.</subfield>
         <subfield code="t">Un'etichetta di rotolo documentario /</subfield>
         <subfield code="r">R. Pintaudi.</subfield>
         <subfield code="g">30.</subfield>
         <subfield code="t">Frammento di registro con elenco di nomi (MS 1802/34) /</subfield>
         <subfield code="r">D. Minutoli.</subfield>
         <subfield code="g">31.</subfield>
         <subfield code="t">Prestito per l'acquisto di lachanospermon (MS 244/25) /</subfield>
         <subfield code="r">D. Minutol, R. Pintaudi.</subfield>
         <subfield code="g">32.</subfield>
         <subfield code="t">Riconoscimento di debito (MS 244/29) /</subfield>
         <subfield code="r">D. Minutoli, R. Pintaudi.</subfield>
         <subfield code="g">33.</subfield>
         <subfield code="t">Conto di [koupha] (MS 1802/51) /</subfield>
         <subfield code="r">D. Minutoli.</subfield>
         <subfield code="g">34.</subfield>
         <subfield code="t">A ptolomaic demotic letter from the Martin Schøyen Collection /</subfield>
         <subfield code="r">A. Menchetti.</subfield>
         <subfield code="t">Indici.</subfield>
         <subfield code="g">I.</subfield>
         <subfield code="t">Sovrani, Consoli, Indizioni.</subfield>
         <subfield code="g">II.</subfield>
         <subfield code="t">Mesi e giorni.</subfield>
         <subfield code="g">III.</subfield>
         <subfield code="t">Nomi di persona.</subfield>
         <subfield code="g">IV.</subfield>
         <subfield code="t">Nomi geografici.</subfield>
         <subfield code="g">V.</subfield>
         <subfield code="t">Misure e monete.</subfield>
         <subfield code="g">VI.</subfield>
         <subfield code="t">Tasse e gravami.</subfield>
         <subfield code="g">VII.</subfield>
         <subfield code="t">Indice generale.</subfield>
         <subfield code="t">Essays.</subfield>
         <subfield code="t">Some Remarks on the Reconstruction of 4Qjudgesb /</subfield>
         <subfield code="r">G.J. Brooke --</subfield>
         <subfield code="t">The Life of Saint Martin /</subfield>
         <subfield code="r">C. de Hamel --</subfield>
         <subfield code="t">Six More Mathematical Cuneiform Texts in the Schøyen Collection /</subfield>
         <subfield code="r">J. Friberg, A. George --</subfield>
         <subfield code="t">A haunch of meat: A fable of Aesop in Sogdian and Old Turkish /</subfield>
         <subfield code="r">N. Sims-Williams --</subfield>
         <subfield code="t">Das Neue Testament in den Sprachen Europas /</subfield>
         <subfield code="r">M. Welte --</subfield>
         <subfield code="t">A Fragment from Bamyan in Old Uighur /</subfield>
         <subfield code="r">P. Zieme.</subfield>
      </datafield>
      <datafield tag="510" ind1="4" ind2=" ">
         <subfield code="a">Checklist of Editions of Greek, Latin, Demotic, and Coptic Papyri, Ostraca, and Tablets,</subfield>
         <subfield code="c">P.Schøyen II, Pap.Flor. XL</subfield>
      </datafield>
      <datafield tag="610" ind1="2" ind2="0">
         <subfield code="a">Schøyen Collection</subfield>
         <subfield code="v">Catalogs.</subfield>
      </datafield>
      <datafield tag="650" ind1=" " ind2="0">
         <subfield code="a">Manuscripts, Greek (Papyri)</subfield>
         <subfield code="v">Catalogs.</subfield>
      </datafield>
      <datafield tag="650" ind1=" " ind2="0">
         <subfield code="a">Manuscripts, Classical (Papyri)</subfield>
         <subfield code="v">Catalogs.</subfield>
      </datafield>
      <datafield tag="651" ind1=" " ind2="0">
         <subfield code="a">Egypt</subfield>
         <subfield code="x">Antiquities</subfield>
         <subfield code="v">Catalogs.</subfield>
      </datafield>
      <datafield tag="610" ind1="2" ind2="7">
         <subfield code="a">Schøyen Collection.</subfield>
         <subfield code="2">fast</subfield>
         <subfield code="0">(OCoLC)fst00691706</subfield>
      </datafield>
      <datafield tag="650" ind1=" " ind2="7">
         <subfield code="a">Manuscripts, Classical (Papyri)</subfield>
         <subfield code="2">fast</subfield>
         <subfield code="0">(OCoLC)fst01008314</subfield>
      </datafield>
      <datafield tag="650" ind1=" " ind2="7">
         <subfield code="a">Manuscripts, Greek (Papyri)</subfield>
         <subfield code="2">fast</subfield>
         <subfield code="0">(OCoLC)fst01008356</subfield>
      </datafield>
      <datafield tag="655" ind1=" " ind2="7">
         <subfield code="a">Catalogs.</subfield>
         <subfield code="2">fast</subfield>
         <subfield code="0">(OCoLC)fst01423692</subfield>
      </datafield>
      <datafield tag="700" ind1="1" ind2=" ">
         <subfield code="a">Schøyen, Martin,</subfield>
         <subfield code="e">honoree.</subfield>
      </datafield>
      <datafield tag="700" ind1="1" ind2=" ">
         <subfield code="a">Minutoli, Diletta,</subfield>
         <subfield code="e">editor.</subfield>
      </datafield>
      <datafield tag="700" ind1="1" ind2=" ">
         <subfield code="a">Pintaudi, Rosario,</subfield>
         <subfield code="e">editor.</subfield>
      </datafield>
      <datafield tag="740" ind1="0" ind2=" ">
         <subfield code="a">Pap.Flor. XL</subfield>
      </datafield>
      <datafield tag="830" ind1=" " ind2="0">
         <subfield code="a">Papyrologica Florentina ;</subfield>
         <subfield code="v">v. 40.</subfield>
      </datafield>
      <datafield tag="830" ind1=" " ind2="0">
         <subfield code="a">Manuscripts in the Schøyen Collection ;</subfield>
         <subfield code="v">5.</subfield>
      </datafield>
      <datafield tag="994" ind1=" " ind2=" ">
         <subfield code="a">Z0</subfield>
         <subfield code="b">ZYU</subfield>
      </datafield>
      <datafield tag="OWN" ind1=" " ind2=" ">
         <subfield code="a">GENERAL</subfield>
      </datafield>
      <datafield tag="AVA" ind1=" " ind2=" ">
         <subfield code="a">NYU50</subfield>
         <subfield code="b">NISAW</subfield>
         <subfield code="c">Large Collection</subfield>
         <subfield code="d">PA3309 .S34 2010</subfield>
         <subfield code="e">available</subfield>
         <subfield code="t">Available</subfield>
         <subfield code="f">1</subfield>
         <subfield code="g">0</subfield>
         <subfield code="h">N</subfield>
         <subfield code="i">0</subfield>
         <subfield code="j">LARGE</subfield>
         <subfield code="k">0</subfield>
      </datafield>
      <marc:datafield tag="852" ind1=" " ind2=" ">
         <marc:subfield code="b">Institute for the Study of the Ancient World, </marc:subfield>
         <marc:subfield code="c">Large Collection</marc:subfield>
         <marc:subfield code="e">15 East 84th St., </marc:subfield>
         <marc:subfield code="e">New York, NY  10028</marc:subfield>
      </marc:datafield>
   </record>