
  
  
  
  
  
  
  
  
 
  
  <record xsi:schemaLocation="http://www.loc.gov/MARC21/slim http://www.loc.gov/standards/marcxml/schema/MARC21slim.xsd">
      <leader>00000cam a2200721 a 4500</leader>
      <controlfield tag="FMT">BK</controlfield>
      <controlfield tag="LDR">00000cam a2200721 a 4500</controlfield>
      <controlfield tag="001">002003518</controlfield>
      <controlfield tag="003">OCoLC</controlfield>
      <controlfield tag="005">20160621101354.0</controlfield>
      <controlfield tag="008">840503m19379999it af    b    001 0 ger</controlfield>
      <datafield tag="010" ind1=" " ind2=" ">
         <subfield code="a">39009028</subfield>
      </datafield>
      <datafield tag="035" ind1=" " ind2=" ">
         <subfield code="a">(OCoLC)513170</subfield>
         <subfield code="z">(OCoLC)10716768</subfield>
         <subfield code="z">(OCoLC)360205712</subfield>
         <subfield code="z">(OCoLC)662601185</subfield>
      </datafield>
      <datafield tag="040" ind1=" " ind2=" ">
         <subfield code="a">DLC</subfield>
         <subfield code="b">eng</subfield>
         <subfield code="c">DLC</subfield>
         <subfield code="d">NLGGC</subfield>
         <subfield code="d">ZCU</subfield>
         <subfield code="d">UBY</subfield>
         <subfield code="d">ZWZ</subfield>
         <subfield code="d">OCLCO</subfield>
         <subfield code="d">OCLCF</subfield>
         <subfield code="d">OCLCQ</subfield>
         <subfield code="d">OCLCO</subfield>
         <subfield code="d">OCLCQ</subfield>
         <subfield code="d">NNU</subfield>
      </datafield>
      <datafield tag="041" ind1="0" ind2=" ">
         <subfield code="a">ger</subfield>
         <subfield code="a">eng</subfield>
         <subfield code="a">sux</subfield>
      </datafield>
      <datafield tag="043" ind1=" " ind2=" ">
         <subfield code="a">a-iq---</subfield>
      </datafield>
      <datafield tag="050" ind1="0" ind2="0">
         <subfield code="a">PJ4037</subfield>
         <subfield code="b">.L3</subfield>
      </datafield>
      <datafield tag="082" ind1="0" ind2="0">
         <subfield code="a">499/.95</subfield>
         <subfield code="2">19</subfield>
      </datafield>
      <datafield tag="084" ind1=" " ind2=" ">
         <subfield code="a">18.90</subfield>
         <subfield code="2">bcl</subfield>
      </datafield>
      <datafield tag="245" ind1="0" ind2="0">
         <subfield code="a">Materialien zum sumerischen Lexicon :</subfield>
         <subfield code="b">Vokabulare und Formularbücher /</subfield>
         <subfield code="c">unter Mitwirkung von Fachgenossen herausgegeben und bearbeitet von B. Landsberger.</subfield>
      </datafield>
      <datafield tag="246" ind1="1" ind2="3">
         <subfield code="a">Materials for the Sumerian lexicon</subfield>
      </datafield>
      <datafield tag="246" ind1="1" ind2="8">
         <subfield code="a">MSL</subfield>
      </datafield>
      <datafield tag="260" ind1=" " ind2=" ">
         <subfield code="a">Roma :</subfield>
         <subfield code="b">Sumptibus Pontificii instituti biblici,</subfield>
         <subfield code="c">1937-&lt;2004&gt;</subfield>
      </datafield>
      <datafield tag="300" ind1=" " ind2=" ">
         <subfield code="a">volumes &lt;1-17; in 14&gt; :</subfield>
         <subfield code="b">illustrations ;</subfield>
         <subfield code="c">32 cm.</subfield>
      </datafield>
      <datafield tag="336" ind1=" " ind2=" ">
         <subfield code="a">text</subfield>
         <subfield code="b">txt</subfield>
         <subfield code="2">rdacontent</subfield>
      </datafield>
      <datafield tag="337" ind1=" " ind2=" ">
         <subfield code="a">unmediated</subfield>
         <subfield code="b">n</subfield>
         <subfield code="2">rdamedia</subfield>
      </datafield>
      <datafield tag="338" ind1=" " ind2=" ">
         <subfield code="a">volume</subfield>
         <subfield code="b">nc</subfield>
         <subfield code="2">rdacarrier</subfield>
      </datafield>
      <datafield tag="490" ind1="1" ind2=" ">
         <subfield code="a">Scripta Pontificii Instituti Biblici</subfield>
      </datafield>
      <datafield tag="500" ind1=" " ind2=" ">
         <subfield code="a">ISAW copy (v. 1-10, 12) is from the Library of Hayim and Miriam Tadmor.</subfield>
         <subfield code="5">NNU</subfield>
      </datafield>
      <datafield tag="500" ind1=" " ind2=" ">
         <subfield code="a">ISAW copy (v.11, 13-14, 16-17) is from the collection of Robert D. Biggs.</subfield>
         <subfield code="5">NNU</subfield>
      </datafield>
      <datafield tag="504" ind1=" " ind2=" ">
         <subfield code="a">"Abkürzungen" (bibliographical) : v. 1, 4th prelim. leaf.</subfield>
      </datafield>
      <datafield tag="500" ind1=" " ind2=" ">
         <subfield code="a">Includes indexes.</subfield>
      </datafield>
      <datafield tag="500" ind1=" " ind2=" ">
         <subfield code="a">Vols. 10- have English title: Materials for the Sumerian lexicon.</subfield>
      </datafield>
      <datafield tag="500" ind1=" " ind2=" ">
         <subfield code="a">Vols. 2- have imprint: Roma : Pontificium Institutum Biblicum.</subfield>
      </datafield>
      <datafield tag="505" ind1="1" ind2="0">
         <subfield code="g">v. 1.</subfield>
         <subfield code="t">Die serie ana ittišu /</subfield>
         <subfield code="r">herausgegeben und bearbeitet von B. Landsberger --</subfield>
         <subfield code="g">v. 2.</subfield>
         <subfield code="t">Die Serie Ur- e- a = nâqu /</subfield>
         <subfield code="r">herausgegeben und bearbeitet von B. Landsberger --</subfield>
         <subfield code="g">v. 3.</subfield>
         <subfield code="t">Das Syllabar A /</subfield>
         <subfield code="r">R.T. Hallock --</subfield>
         <subfield code="t">Das Vokabular S a /</subfield>
         <subfield code="r">B. Landsberger, R.T. Hallock --</subfield>
         <subfield code="t">Das Vokabular S b /</subfield>
         <subfield code="r">H.S. Schuster, B. Landsberger --</subfield>
         <subfield code="t">Berichtigungen und Nachträge zu MSL II /</subfield>
         <subfield code="r">B. Landsberger --</subfield>
         <subfield code="t">Indices zu MSL II /</subfield>
         <subfield code="r">A. Sachs, B. Landsberger --</subfield>
         <subfield code="g">v. 4 /</subfield>
         <subfield code="r">B. Landsberger, R. Hallock, Th. Jacobsen, A. Falkenstein --</subfield>
         <subfield code="g">Pt. 1.</subfield>
         <subfield code="t">Emesal-vocabulary (series dimir-dingir-ilum) --</subfield>
         <subfield code="g">pt. 2.</subfield>
         <subfield code="t">Old Babylonian grammatical texts --</subfield>
         <subfield code="g">pt. 3.</subfield>
         <subfield code="t">Neobabylonian grammatical texts --</subfield>
         <subfield code="t">Nachträge zu MSL III --</subfield>
         <subfield code="g">v. 5.</subfield>
         <subfield code="t">The series ḪAR - r a = ḫubullu, tablets I-IV /</subfield>
         <subfield code="r">B. Landsberger --</subfield>
         <subfield code="g">v. 6.</subfield>
         <subfield code="t">The series ḪAR - r a = ḫubullu, tablets V-VII /</subfield>
         <subfield code="r">B. Landsberger --</subfield>
         <subfield code="g">v. 7.</subfield>
         <subfield code="t">The series ḪAR - r a = ḫubullu, tablets VIII-XII /</subfield>
         <subfield code="r">B. Landsberger --</subfield>
         <subfield code="g">v. 8, pt. 1.</subfield>
         <subfield code="t">The fauna of ancient Mesopotamia : tablet XIII /</subfield>
         <subfield code="r">in cooperation with Anne Draffkorn Kilmer and Edmund I. Gordon, prepared by B. Landsberger --</subfield>
         <subfield code="g">v. 8, pt. 2.</subfield>
         <subfield code="t">The fauna of ancient Mesopotamia --</subfield>
         <subfield code="t">ḪAR - ra = ḫubullu, tablets XIV and XVIII /</subfield>
         <subfield code="r">in cooperation with Anne Draffkorn Kilmer, prepared by B. Landsberger --</subfield>
         <subfield code="g">v. 9.</subfield>
         <subfield code="t">The series ḪAR - r a = ḫubullu, tablet XV and related texts, with additions and corrections to MSL II, III, V and VII /</subfield>
         <subfield code="r">by Benno Landsberger and Miguel Civil --</subfield>
         <subfield code="g">v. 10.</subfield>
         <subfield code="t">The series ḪAR - r a = ḫubullu, tablets XVI, XVII, XIX and related texts /</subfield>
         <subfield code="r">by Benno Landsberger and Erica Reiner, with the collaboration of Miguel Civil --</subfield>
         <subfield code="g">v. 12.</subfield>
         <subfield code="t">A reconstruction of Sumerian and Akkadian lexical lists /</subfield>
         <subfield code="r">prepared by B. Landberger ; edited by E. Reiner and M. Civil --</subfield>
         <subfield code="t">The series lú = ša and related texts /</subfield>
         <subfield code="r">edited by M. Civil, with the collaboration of R. D. Biggs [and 3 others] --</subfield>
      </datafield>
      <datafield tag="505" ind1="8" ind2="0">
         <subfield code="g">v. 17.</subfield>
         <subfield code="t">The series Erim-ḫuš = anantu, and An-ta-gál = šaqû /</subfield>
         <subfield code="r">edited by Antoine Cavigneaux [and others].</subfield>
      </datafield>
      <datafield tag="650" ind1=" " ind2="0">
         <subfield code="a">Sumerian language</subfield>
         <subfield code="x">Glossaries, vocabularies, etc.</subfield>
      </datafield>
      <datafield tag="650" ind1=" " ind2="0">
         <subfield code="a">Sumerian language</subfield>
         <subfield code="x">Lexicology.</subfield>
      </datafield>
      <datafield tag="650" ind1=" " ind2="0">
         <subfield code="a">Sumerian language</subfield>
         <subfield code="x">Texts.</subfield>
      </datafield>
      <datafield tag="650" ind1=" " ind2="0">
         <subfield code="a">Akkadian language</subfield>
         <subfield code="x">Texts.</subfield>
      </datafield>
      <datafield tag="650" ind1=" " ind2="0">
         <subfield code="a">Cuneiform inscriptions.</subfield>
      </datafield>
      <datafield tag="650" ind1=" " ind2="7">
         <subfield code="a">Akkadian language.</subfield>
         <subfield code="2">fast</subfield>
         <subfield code="0">(OCoLC)fst00803982</subfield>
      </datafield>
      <datafield tag="650" ind1=" " ind2="7">
         <subfield code="a">Cuneiform inscriptions.</subfield>
         <subfield code="2">fast</subfield>
         <subfield code="0">(OCoLC)fst00885195</subfield>
      </datafield>
      <datafield tag="650" ind1=" " ind2="7">
         <subfield code="a">Sumerian language.</subfield>
         <subfield code="2">fast</subfield>
         <subfield code="0">(OCoLC)fst01138450</subfield>
      </datafield>
      <datafield tag="650" ind1="1" ind2="7">
         <subfield code="a">Soemerisch.</subfield>
         <subfield code="2">gtt</subfield>
      </datafield>
      <datafield tag="650" ind1="1" ind2="7">
         <subfield code="a">Woordenboeken.</subfield>
         <subfield code="2">gtt</subfield>
      </datafield>
      <datafield tag="650" ind1="1" ind2="7">
         <subfield code="a">Teksten.</subfield>
         <subfield code="2">gtt</subfield>
      </datafield>
      <datafield tag="650" ind1=" " ind2="7">
         <subfield code="a">Sumérien (langue)</subfield>
         <subfield code="x">Vocabulaire.</subfield>
         <subfield code="2">ram</subfield>
      </datafield>
      <datafield tag="650" ind1=" " ind2="7">
         <subfield code="a">Sumérien (langue)</subfield>
         <subfield code="x">Glossaires, vocabulaires, etc.</subfield>
         <subfield code="2">ram</subfield>
      </datafield>
      <datafield tag="655" ind1=" " ind2="7">
         <subfield code="a">Glossaries, vocabularies, etc.</subfield>
         <subfield code="2">fast</subfield>
         <subfield code="0">(OCoLC)fst01423786</subfield>
      </datafield>
      <datafield tag="655" ind1=" " ind2="7">
         <subfield code="a">Texts.</subfield>
         <subfield code="2">fast</subfield>
         <subfield code="0">(OCoLC)fst01423705</subfield>
      </datafield>
      <datafield tag="700" ind1="1" ind2=" ">
         <subfield code="a">Biggs, Robert D.,</subfield>
         <subfield code="e">former owner.</subfield>
         <subfield code="5">NNU</subfield>
      </datafield>
      <datafield tag="796" ind1="1" ind2=" ">
         <subfield code="a">Tadmor, Hayim,</subfield>
         <subfield code="e">former owner.</subfield>
      </datafield>
      <datafield tag="796" ind1="1" ind2=" ">
         <subfield code="a">Tadmor, Miriam,</subfield>
         <subfield code="e">former owner.</subfield>
      </datafield>
      <datafield tag="797" ind1="2" ind2=" ">
         <subfield code="a">Tadmor Collection.</subfield>
      </datafield>
      <datafield tag="700" ind1="1" ind2=" ">
         <subfield code="a">Landsberger, Benno,</subfield>
         <subfield code="d">1890-1968,</subfield>
         <subfield code="e">editor.</subfield>
      </datafield>
      <datafield tag="830" ind1=" " ind2="0">
         <subfield code="a">Scripta Pontificii Instituti Biblici.</subfield>
      </datafield>
      <datafield tag="OWN" ind1=" " ind2=" ">
         <subfield code="a">GENERAL</subfield>
      </datafield>
      <datafield tag="AVA" ind1=" " ind2=" ">
         <subfield code="a">NYU50</subfield>
         <subfield code="b">BOBST</subfield>
         <subfield code="c">Main Collection</subfield>
         <subfield code="d">PJ4037 .L3 Oversize</subfield>
         <subfield code="e">check_holdings</subfield>
         <subfield code="t">Check Holdings</subfield>
         <subfield code="h">Y</subfield>
         <subfield code="j">MAIN</subfield>
         <subfield code="k">0</subfield>
      </datafield>
      <datafield tag="AVA" ind1=" " ind2=" ">
         <subfield code="a">NYU50</subfield>
         <subfield code="b">NISAW</subfield>
         <subfield code="c">Oversize Collection</subfield>
         <subfield code="d">PJ4037 .L3 1937 c.2</subfield>
         <subfield code="e">available</subfield>
         <subfield code="t">Available</subfield>
         <subfield code="f">26</subfield>
         <subfield code="g">0</subfield>
         <subfield code="h">Y</subfield>
         <subfield code="i">0</subfield>
         <subfield code="j">OVERZ</subfield>
         <subfield code="k">0</subfield>
      </datafield>
      <marc:datafield tag="852" ind1=" " ind2=" ">
         <marc:subfield code="b">Institute for the Study of the Ancient World, </marc:subfield>
         <marc:subfield code="c">Oversize Collection</marc:subfield>
         <marc:subfield code="e">15 East 84th St., </marc:subfield>
         <marc:subfield code="e">New York, NY  10028</marc:subfield>
      </marc:datafield>
   </record>