
  
  
  
  
  
  
  
  
 
  
  <record xsi:schemaLocation="http://www.loc.gov/MARC21/slim http://www.loc.gov/standards/marcxml/schema/MARC21slim.xsd">
      <leader>00000nam a2200289 a 4500</leader>
      <controlfield tag="FMT">BK</controlfield>
      <controlfield tag="LDR">00000nam a2200289 a 4500</controlfield>
      <controlfield tag="001">004259849</controlfield>
      <controlfield tag="003">OCoLC</controlfield>
      <controlfield tag="005">20160309140001.0</controlfield>
      <controlfield tag="008">160304s2015    it af    b    011 0 ita d</controlfield>
      <datafield tag="020" ind1=" " ind2=" ">
         <subfield code="a">9788874680450</subfield>
      </datafield>
      <datafield tag="020" ind1=" " ind2=" ">
         <subfield code="a">8874680457</subfield>
      </datafield>
      <datafield tag="035" ind1=" " ind2=" ">
         <subfield code="a">(OCoLC)940503398</subfield>
      </datafield>
      <datafield tag="040" ind1=" " ind2=" ">
         <subfield code="a">NARDE</subfield>
         <subfield code="b">eng</subfield>
         <subfield code="c">NARDE</subfield>
         <subfield code="d">NNU</subfield>
      </datafield>
      <datafield tag="041" ind1="0" ind2=" ">
         <subfield code="a">ita</subfield>
         <subfield code="a">grc</subfield>
         <subfield code="a">lat</subfield>
      </datafield>
      <datafield tag="043" ind1=" " ind2=" ">
         <subfield code="a">f-ua---</subfield>
      </datafield>
      <datafield tag="050" ind1=" " ind2="4">
         <subfield code="a">PA3339</subfield>
         <subfield code="b">.N45 2015</subfield>
      </datafield>
      <datafield tag="082" ind1="1" ind2="4">
         <subfield code="a">090</subfield>
      </datafield>
      <datafield tag="245" ind1="0" ind2="0">
         <subfield code="a">Nel segno del testo :</subfield>
         <subfield code="b">edizioni, materiali e studi per Oronzo Pecere /</subfield>
         <subfield code="c">a cura di Lucio Del Corso, Franco De Vivo, Antonio Stramaglia.</subfield>
      </datafield>
      <datafield tag="260" ind1=" " ind2=" ">
         <subfield code="a">Firenze :</subfield>
         <subfield code="b">Edizioni Gonnelli,</subfield>
         <subfield code="c">2015.</subfield>
      </datafield>
      <datafield tag="300" ind1=" " ind2=" ">
         <subfield code="a">x, 370 p., xxiii :</subfield>
         <subfield code="b">ill., plates ;</subfield>
         <subfield code="c">31 cm.</subfield>
      </datafield>
      <datafield tag="490" ind1="1" ind2=" ">
         <subfield code="a">Papyrologica Florentina ;</subfield>
         <subfield code="v">44</subfield>
      </datafield>
      <datafield tag="504" ind1=" " ind2=" ">
         <subfield code="a">Includes bibliographical references and indexes.</subfield>
      </datafield>
      <datafield tag="505" ind1="0" ind2="0">
         <subfield code="t">Edizioni e Materiali.</subfield>
         <subfield code="t">Papiri letterari dal Museo Egizio del Cairo e una copertina di codice da Antinoupolis /</subfield>
         <subfield code="r">L. Del Corso, R. Pintaudi --</subfield>
         <subfield code="t">P.Berol. 9774 : contaminación inversa de Homero y Hesiodo /</subfield>
         <subfield code="r">J.A. Fernández Delgado, F. Pordomingo --</subfield>
         <subfield code="t">Il papiro di Nicarco (P.Oxy. LXVI 4502) e l'epigramma latino /</subfield>
         <subfield code="r">A.M. Morelli --</subfield>
         <subfield code="t">Tribunus Marianus /</subfield>
         <subfield code="r">L. Håkanson, M. Winterbottom --</subfield>
         <subfield code="t">Un nuovo testimone biblico carolingio in un manoscritto mantovano /</subfield>
         <subfield code="r">M. Bassetti -- Gli scolii autografi di Manuele Briennio nel Par. gr. 2390 /</subfield>
         <subfield code="r">F. Acerbi, I. Pérez Martín.</subfield>
         <subfield code="t">Studi.</subfield>
         <subfield code="t">Temi 'sommersi' e trasmissione dei testi nella declamazione antica (con un regesto di papiri declamatorî) /</subfield>
         <subfield code="r">A. Stramaglia --</subfield>
         <subfield code="t">Sul paratesto nel libro manoscritto (con qualche riflessione sui 'titoli' in età antica) /</subfield>
         <subfield code="r">P. Fioretti --</subfield>
         <subfield code="t">Il Moveable Feast del Patriarca : Note e ipotesi sulla genesi della Bibliotecha di Fozio /</subfield>
         <subfield code="r">F. Ronconi --</subfield>
         <subfield code="t">Restauri, integrazioni, implementazioni tra storia di libri e storia di testi greci /</subfield>
         <subfield code="r">D. Bianconi --</subfield>
         <subfield code="t">La versione anglosassone della preghiera agostiniana Deus, universitatis conditor (Aug., Sol. 1, 1, 2-6) /</subfield>
         <subfield code="r">R. Tinaburri --</subfield>
         <subfield code="t">Hierarchical Segmentation of Chrétien's Chevalier au Lion in ms. Montpellier, Bibliothèque Interuniversitaire, Section médecine, H 252 (ff. 1r-12v) / A. Fuksas --</subfield>
         <subfield code="t">Una teologia per illetteratti : Forme delle lettere e teologia dell'emozione nel secolo XIII /</subfield>
         <subfield code="r">F. Santi --</subfield>
         <subfield code="t">Per uno studio dell'arte retorica germanica : esempi di prosopopea /</subfield>
         <subfield code="r">A.M. Guerrieri --</subfield>
         <subfield code="t">Il problema della codifica nelle edizioni filologiche digitali /</subfield>
         <subfield code="r">F. Stella.</subfield>
      </datafield>
      <datafield tag="650" ind1=" " ind2="0">
         <subfield code="a">Manuscripts, Greek (Papyri)</subfield>
      </datafield>
      <datafield tag="650" ind1=" " ind2="0">
         <subfield code="a">Manuscripts.</subfield>
      </datafield>
      <datafield tag="650" ind1=" " ind2="0">
         <subfield code="a">Classical philology.</subfield>
      </datafield>
      <datafield tag="653" ind1="1" ind2=" ">
         <subfield code="a">Manuscripts &amp; rare books</subfield>
      </datafield>
      <datafield tag="700" ind1="1" ind2=" ">
         <subfield code="a">Stramaglia, Antonio.</subfield>
      </datafield>
      <datafield tag="700" ind1="1" ind2=" ">
         <subfield code="a">Del Corso, Lucio.</subfield>
      </datafield>
      <datafield tag="700" ind1="1" ind2=" ">
         <subfield code="a">De Vivo, Franco.</subfield>
      </datafield>
      <datafield tag="700" ind1="1" ind2=" ">
         <subfield code="a">Pecere, Oronzo,</subfield>
         <subfield code="e">honoree.</subfield>
      </datafield>
      <datafield tag="830" ind1=" " ind2="0">
         <subfield code="a">Papyrologica Florentina ;</subfield>
         <subfield code="v">v. 44.</subfield>
      </datafield>
      <datafield tag="856" ind1="4" ind2="2">
         <subfield code="u">http://www.liberdomus.it/liberdomus/nrdcc/abstracts/D0140051819.pdf</subfield>
      </datafield>
      <datafield tag="994" ind1=" " ind2=" ">
         <subfield code="a">Z0</subfield>
         <subfield code="b">ZYU</subfield>
      </datafield>
      <datafield tag="OWN" ind1=" " ind2=" ">
         <subfield code="a">GENERAL</subfield>
      </datafield>
      <datafield tag="AVA" ind1=" " ind2=" ">
         <subfield code="a">NYU50</subfield>
         <subfield code="b">NISAW</subfield>
         <subfield code="c">Large Collection</subfield>
         <subfield code="d">PA3339 .N45 2015</subfield>
         <subfield code="e">available</subfield>
         <subfield code="t">Available</subfield>
         <subfield code="f">1</subfield>
         <subfield code="g">0</subfield>
         <subfield code="h">N</subfield>
         <subfield code="i">0</subfield>
         <subfield code="j">LARGE</subfield>
         <subfield code="k">0</subfield>
      </datafield>
      <marc:datafield tag="852" ind1=" " ind2=" ">
         <marc:subfield code="b">Institute for the Study of the Ancient World, </marc:subfield>
         <marc:subfield code="c">Large Collection</marc:subfield>
         <marc:subfield code="e">15 East 84th St., </marc:subfield>
         <marc:subfield code="e">New York, NY  10028</marc:subfield>
      </marc:datafield>
   </record>