
  
  
  
  
 
  
  <record xsi:schemaLocation="http://www.loc.gov/MARC21/slim http://www.loc.gov/standards/marcxml/schema/MARC21slim.xsd">
      <leader>00000cam a2200505 i 4500</leader>
      <controlfield tag="FMT">BK</controlfield>
      <controlfield tag="LDR">00000cam a2200505 i 4500</controlfield>
      <controlfield tag="001">004261536</controlfield>
      <controlfield tag="003">OCoLC</controlfield>
      <controlfield tag="005">20160315114701.0</controlfield>
      <controlfield tag="008">160310r19761936it a     b    100 0 eng</controlfield>
      <datafield tag="010" ind1=" " ind2=" ">
         <subfield code="a">77479939</subfield>
      </datafield>
      <datafield tag="015" ind1=" " ind2=" ">
         <subfield code="a">It77-June</subfield>
      </datafield>
      <datafield tag="035" ind1=" " ind2=" ">
         <subfield code="a">(OCoLC)3310759</subfield>
         <subfield code="z">(OCoLC)71377331</subfield>
         <subfield code="z">(OCoLC)264978818</subfield>
      </datafield>
      <datafield tag="040" ind1=" " ind2=" ">
         <subfield code="a">DLC</subfield>
         <subfield code="b">eng</subfield>
         <subfield code="c">DLC</subfield>
         <subfield code="d">OCL</subfield>
         <subfield code="d">OCLCQ</subfield>
         <subfield code="d">BTCTA</subfield>
         <subfield code="d">CUD</subfield>
         <subfield code="d">OCLCO</subfield>
         <subfield code="d">OCLCF</subfield>
         <subfield code="d">OCLCQ</subfield>
         <subfield code="d">OCL</subfield>
         <subfield code="d">NNU</subfield>
      </datafield>
      <datafield tag="041" ind1="0" ind2=" ">
         <subfield code="a">eng</subfield>
         <subfield code="a">fre</subfield>
         <subfield code="a">ger</subfield>
         <subfield code="a">ita</subfield>
         <subfield code="a">grc</subfield>
      </datafield>
      <datafield tag="043" ind1=" " ind2=" ">
         <subfield code="a">f-ua---</subfield>
      </datafield>
      <datafield tag="050" ind1="0" ind2="0">
         <subfield code="a">PA3339</subfield>
         <subfield code="b">.I5 1935</subfield>
      </datafield>
      <datafield tag="082" ind1="0" ind2="0">
         <subfield code="a">091</subfield>
         <subfield code="2">19</subfield>
      </datafield>
      <datafield tag="111" ind1="2" ind2=" ">
         <subfield code="a">International Congress of Papyrology</subfield>
         <subfield code="n">(4th :</subfield>
         <subfield code="d">1935 :</subfield>
         <subfield code="c">Florence)</subfield>
      </datafield>
      <datafield tag="245" ind1="1" ind2="0">
         <subfield code="a">Atti del IV Congresso internazionale di papirologia :</subfield>
         <subfield code="b">Firenze, 28 aprile-2 maggio 1935, XIII.</subfield>
      </datafield>
      <datafield tag="250" ind1=" " ind2=" ">
         <subfield code="a">Ristampa anastatica.</subfield>
      </datafield>
      <datafield tag="260" ind1=" " ind2=" ">
         <subfield code="a">Milano :</subfield>
         <subfield code="b">Cisalpino-La Goliardica,</subfield>
         <subfield code="c">1976.</subfield>
      </datafield>
      <datafield tag="300" ind1=" " ind2=" ">
         <subfield code="a">xxv, 496 pages :</subfield>
         <subfield code="b">illustrations ;</subfield>
         <subfield code="c">24 cm.</subfield>
      </datafield>
      <datafield tag="336" ind1=" " ind2=" ">
         <subfield code="a">text</subfield>
         <subfield code="b">txt</subfield>
         <subfield code="2">rdacontent</subfield>
      </datafield>
      <datafield tag="337" ind1=" " ind2=" ">
         <subfield code="a">unmediated</subfield>
         <subfield code="b">n</subfield>
         <subfield code="2">rdamedia</subfield>
      </datafield>
      <datafield tag="338" ind1=" " ind2=" ">
         <subfield code="a">volume</subfield>
         <subfield code="b">nc</subfield>
         <subfield code="2">rdacarrier</subfield>
      </datafield>
      <datafield tag="490" ind1="1" ind2=" ">
         <subfield code="a">Pubblicazioni di Aegyptus. Serie scientifica ;</subfield>
         <subfield code="v">v. 5</subfield>
      </datafield>
      <datafield tag="500" ind1=" " ind2=" ">
         <subfield code="a">Reprint of the 1936 ed. published by Vita e pensiero, Milan.</subfield>
      </datafield>
      <datafield tag="505" ind1="0" ind2="0">
         <subfield code="t">Observations sur le Inscription grecques de l'oasis de Khargeh : l'Edit de Vergilius Capito /</subfield>
         <subfield code="r">Pierre Jouguet --</subfield>
         <subfield code="t">I papiri greci di Rendel Harris /</subfield>
         <subfield code="r">J. Enoch Powell --</subfield>
         <subfield code="t">Die Papyri und das Wesen der alexandrinischen Kultur : (Segue aggiunta a p. 497) /</subfield>
         <subfield code="r">Karl Kerényi --</subfield>
         <subfield code="t">Proposals for a Social History of Graeco-Roman Egypt /</subfield>
         <subfield code="r">H. I. Bell --</subfield>
         <subfield code="t">Die neue Warschauer Ostrakasammlung /</subfield>
         <subfield code="r">Georg V. Manteuffel --</subfield>
         <subfield code="t">Budgets Helléniques et Budgets Hellénistiques /</subfield>
         <subfield code="r">A. Andréadès --</subfield>
         <subfield code="t">A numbered petition among Papyri Fuad /</subfield>
         <subfield code="r">W.G.Waddell --</subfield>
         <subfield code="t">Papyrus byzantins et documents d'archives /</subfield>
         <subfield code="r">Germaine Rouillard --</subfield>
         <subfield code="t">Les papyrus inédits de la Faculté des Lettres de Paris /</subfield>
         <subfield code="r">Paul Collart --</subfield>
         <subfield code="t">Di un nuovo metodo applicato alla fotografia di 'Ostraka' /</subfield>
         <subfield code="r">A. Miolati, L. Amati, C. Bocca --</subfield>
         <subfield code="t">Religious Calendar concerning the Imperial Cult /</subfield>
         <subfield code="r">S. Eitrem --</subfield>
         <subfield code="t">L'Edit du Prefet d'Egypte Valerius Eudaemon (P. Oxy. II 237, col. VIII, ll. 7-18) (138 ap. J. C.); une hypothèse sur l'origine de la "Querela non numeratae pecuniae" /</subfield>
         <subfield code="r">Paul Collinet --</subfield>
         <subfield code="t">Ueber den Nutzen der lateinischen Papyri /</subfield>
         <subfield code="r">Ulrich Wilcken --</subfield>
         <subfield code="t">Il Simposio di Aristotele e quello di Epicuro /</subfield>
         <subfield code="r">Ettore Bignone --</subfield>
         <subfield code="t">Nationales, griechischen und römisches Recht in Aegypten /</subfield>
         <subfield code="r">Leopold Wenger --</subfield>
         <subfield code="t">Un problème de la politique des Lagides : la faiblesse des édits /</subfield>
         <subfield code="r">Claire Preaux --</subfield>
         <subfield code="t">Alessandro e Tolomeo I /</subfield>
         <subfield code="r">E. Kornemann --</subfield>
         <subfield code="t">La lettre à plusieurs destinataires /</subfield>
         <subfield code="r">P. Collomp --</subfield>
         <subfield code="t">Papyrusforschung und Prosopographia Imperii Romani /</subfield>
         <subfield code="r">Arth. Stein --</subfield>
         <subfield code="t">I papiri ieratici e demotici degli scavi italiani di Tebtynis /</subfield>
         <subfield code="r">Giuseppe Botti --</subfield>
         <subfield code="t">Recensement périodique et réintégration du domicile légal /</subfield>
         <subfield code="r">Victor Martin --</subfield>
         <subfield code="t">Il problema dei titoli al portatore in un nuovo papiro di Tebtunis /</subfield>
         <subfield code="r">Vincenzo Arangio-Ruiz --</subfield>
      </datafield>
      <datafield tag="505" ind1="8" ind2="0">
         <subfield code="t">Die Geschichte der Rezeption des griechischen Privatrechts in Aegypten /</subfield>
         <subfield code="r">Rafael Taubenschlag --</subfield>
         <subfield code="t">Le cosidette "anticipazioni" nell'economia rurale dell'Egitto tolemaico /</subfield>
         <subfield code="r">Jiří Cvetler --</subfield>
         <subfield code="t">Le Consortium artificiel du Nouveau Gaius /</subfield>
         <subfield code="r">Henri Levy-Bruhl --</subfield>
         <subfield code="t">Bericht über den derzeitigen Stand der Arbeiten an den "Papyrus Erzherzog Rainer" /</subfield>
         <subfield code="r">Hans Gerstinger --</subfield>
         <subfield code="t">Filodemo di Gadara e la villa ercolanese dei papiri /</subfield>
         <subfield code="r">Guido Della Valle --</subfield>
         <subfield code="t">Le démotique Polieus à Antinoupolis /</subfield>
         <subfield code="r">Henri Henne --</subfield>
         <subfield code="t">Paganesimo e cristianesimo nelle lettere papiracee greche dei primi secoli d. Cr. /</subfield>
         <subfield code="r">Giuseppe Ghedini --</subfield>
         <subfield code="t">Problemi di organizzazione e di divulgazione della papirologia /</subfield>
         <subfield code="r">Aristide Calderini --</subfield>
         <subfield code="t">Un nuovo documento sulla questione di Tolomeo di Telmesso /</subfield>
         <subfield code="r">Mario Segre --</subfield>
         <subfield code="t">Nuovo frammento di musica greca in un papiro del Museo del Cairo /</subfield>
         <subfield code="r">Carlo Del Grande --</subfield>
         <subfield code="t">Der Berliner Papyrus Inv. 10535 /</subfield>
         <subfield code="r">Franz Zimmermann --</subfield>
         <subfield code="t">Le P. Oxy III 471 : une Cognitio Caesariana sous Trajan /</subfield>
         <subfield code="r">Jean N. Coroi --</subfield>
         <subfield code="t">Zur Frage des Liegenschaftserwerbes im Altertume : Das Recht der Katagraphe /</subfield>
         <subfield code="r">Ernst Schönbauer --</subfield>
         <subfield code="t">Some publications in course of preparation by American papyrologists /</subfield>
         <subfield code="r">H. A. Sanders --</subfield>
         <subfield code="t">Scavi di Tebtynis (1930-1935) /</subfield>
         <subfield code="r">Carlo Anti --</subfield>
         <subfield code="t">La stipulatio aquiliana nei papiri /</subfield>
         <subfield code="r">La Pira --</subfield>
         <subfield code="t">Gli scavi della Missione Archeologica Milanese a Tebtynis /</subfield>
         <subfield code="r">Achille Vogliano.</subfield>
      </datafield>
      <datafield tag="546" ind1=" " ind2=" ">
         <subfield code="a">Contributions in English, French, German, or Italian; includes texts in Greek.</subfield>
      </datafield>
      <datafield tag="504" ind1=" " ind2=" ">
         <subfield code="a">Includes bibliographical references.</subfield>
      </datafield>
      <datafield tag="650" ind1=" " ind2="0">
         <subfield code="a">Manuscripts (Papyri)</subfield>
         <subfield code="v">Congresses.</subfield>
      </datafield>
      <datafield tag="651" ind1=" " ind2="0">
         <subfield code="a">Egypt</subfield>
         <subfield code="x">Antiquities</subfield>
         <subfield code="v">Congresses.</subfield>
      </datafield>
      <datafield tag="650" ind1=" " ind2="7">
         <subfield code="a">Manuscripts (Papyri)</subfield>
         <subfield code="2">fast</subfield>
         <subfield code="0">(OCoLC)fst01008260</subfield>
      </datafield>
      <datafield tag="655" ind1=" " ind2="4">
         <subfield code="a">Congress.</subfield>
      </datafield>
      <datafield tag="655" ind1=" " ind2="7">
         <subfield code="a">Conference papers and proceedings.</subfield>
         <subfield code="2">fast</subfield>
         <subfield code="0">(OCoLC)fst01423772</subfield>
      </datafield>
      <datafield tag="810" ind1="1" ind2=" ">
         <subfield code="a">Aegyptus (Milano).</subfield>
         <subfield code="t">Pubblicazioni.</subfield>
      </datafield>
      <datafield tag="830" ind1=" " ind2="0">
         <subfield code="a">Pubblicazioni di Aegyptus.</subfield>
         <subfield code="p">Serie scientifica ;</subfield>
         <subfield code="v">v. 5.</subfield>
      </datafield>
      <datafield tag="994" ind1=" " ind2=" ">
         <subfield code="a">Z0</subfield>
         <subfield code="b">ZYU</subfield>
      </datafield>
      <datafield tag="OWN" ind1=" " ind2=" ">
         <subfield code="a">GENERAL</subfield>
      </datafield>
      <datafield tag="AVA" ind1=" " ind2=" ">
         <subfield code="a">NYU50</subfield>
         <subfield code="b">NISAW</subfield>
         <subfield code="c">Small Collection</subfield>
         <subfield code="d">PA3339 .I5 1935</subfield>
         <subfield code="e">available</subfield>
         <subfield code="t">Available</subfield>
         <subfield code="f">1</subfield>
         <subfield code="g">0</subfield>
         <subfield code="h">N</subfield>
         <subfield code="i">0</subfield>
         <subfield code="j">SMALL</subfield>
         <subfield code="k">0</subfield>
      </datafield>
      <marc:datafield tag="852" ind1=" " ind2=" ">
         <marc:subfield code="b">Institute for the Study of the Ancient World, </marc:subfield>
         <marc:subfield code="c">Small Collection</marc:subfield>
         <marc:subfield code="e">15 East 84th St., </marc:subfield>
         <marc:subfield code="e">New York, NY  10028</marc:subfield>
      </marc:datafield>
   </record>