
  
  
  
  
  
  
 
  
  <record xsi:schemaLocation="http://www.loc.gov/MARC21/slim http://www.loc.gov/standards/marcxml/schema/MARC21slim.xsd">
      <leader>00000cam a2200553 i 4500</leader>
      <controlfield tag="FMT">BK</controlfield>
      <controlfield tag="LDR">00000cam a2200553 i 4500</controlfield>
      <controlfield tag="001">004261578</controlfield>
      <controlfield tag="003">OCoLC</controlfield>
      <controlfield tag="005">20160620145346.0</controlfield>
      <controlfield tag="008">160310s2015    pk abh   b    001 0 eng</controlfield>
      <datafield tag="010" ind1=" " ind2=" ">
         <subfield code="a">2015327597</subfield>
      </datafield>
      <datafield tag="020" ind1=" " ind2=" ">
         <subfield code="a">9789693528879</subfield>
      </datafield>
      <datafield tag="020" ind1=" " ind2=" ">
         <subfield code="a">9693528875</subfield>
      </datafield>
      <datafield tag="025" ind1=" " ind2=" ">
         <subfield code="a">P-E-2015327597; 16</subfield>
      </datafield>
      <datafield tag="035" ind1=" " ind2=" ">
         <subfield code="a">(OCoLC)935493877</subfield>
      </datafield>
      <datafield tag="037" ind1=" " ind2=" ">
         <subfield code="b">Library of Congress -- Islamabad Overseas Office</subfield>
         <subfield code="c">Rs 3000</subfield>
      </datafield>
      <datafield tag="040" ind1=" " ind2=" ">
         <subfield code="a">DLC</subfield>
         <subfield code="b">eng</subfield>
         <subfield code="e">rda</subfield>
         <subfield code="c">DLC</subfield>
         <subfield code="d">OCLCO</subfield>
         <subfield code="d">OCLCF</subfield>
         <subfield code="d">NNU</subfield>
      </datafield>
      <datafield tag="042" ind1=" " ind2=" ">
         <subfield code="a">lcode</subfield>
      </datafield>
      <datafield tag="043" ind1=" " ind2=" ">
         <subfield code="a">a-pk---</subfield>
      </datafield>
      <datafield tag="050" ind1=" " ind2="4">
         <subfield code="a">DS378</subfield>
         <subfield code="b">.O45 2015</subfield>
      </datafield>
      <datafield tag="100" ind1="1" ind2=" ">
         <subfield code="a">Olivieri, Luca Maria,</subfield>
         <subfield code="e">author.</subfield>
      </datafield>
      <datafield tag="245" ind1="1" ind2="0">
         <subfield code="a">Sir Aurel Stein and the 'Lords of the Marches' :</subfield>
         <subfield code="b">new archival materials /</subfield>
         <subfield code="c">Luca M. Olivieri ; foreword by Marco Mancini and Adriano V. Rossi ; contributions by Kurt Behrendt, Pia Brancaccio and Matteo De Chiara ; edited by Matteo Dc Chiara and Ali Kamran.</subfield>
      </datafield>
      <datafield tag="264" ind1=" " ind2="1">
         <subfield code="a">Lahore :</subfield>
         <subfield code="b">Sang-e-Meel Publications,</subfield>
         <subfield code="c">2015.</subfield>
      </datafield>
      <datafield tag="300" ind1=" " ind2=" ">
         <subfield code="a">401 pages :</subfield>
         <subfield code="b">illustrations, map, facsimiles ;</subfield>
         <subfield code="c">25 cm</subfield>
      </datafield>
      <datafield tag="336" ind1=" " ind2=" ">
         <subfield code="a">text</subfield>
         <subfield code="b">txt</subfield>
         <subfield code="2">rdacontent</subfield>
      </datafield>
      <datafield tag="337" ind1=" " ind2=" ">
         <subfield code="a">unmediated</subfield>
         <subfield code="b">n</subfield>
         <subfield code="2">rdamedia</subfield>
      </datafield>
      <datafield tag="338" ind1=" " ind2=" ">
         <subfield code="a">volume</subfield>
         <subfield code="b">nc</subfield>
         <subfield code="2">rdacarrier</subfield>
      </datafield>
      <datafield tag="490" ind1="1" ind2=" ">
         <subfield code="a">ACT-Field school project reports and memoirs. Archival studies ;</subfield>
         <subfield code="v">I</subfield>
      </datafield>
      <datafield tag="500" ind1=" " ind2=" ">
         <subfield code="a">"A publication under the auspices of the Associazione internazionale di studi per il Mediterraneo e l'Oriente (ISMEO), Missione Archeoloica Italiana in Pakistan in collaboration with the Heidelberger Akademie der Wissenschaften Forschungsstelle 'Felsbilder un Inschriften am Karakorum Highway'"--Title page verso.</subfield>
      </datafield>
      <datafield tag="500" ind1=" " ind2=" ">
         <subfield code="a">"Study and compilation of this final publication were made possible through a grant from the Shelby White and Leon Levy Program for Archaeological Publications"--Page [1].</subfield>
      </datafield>
      <datafield tag="504" ind1=" " ind2=" ">
         <subfield code="a">Includes bibliographical references (pages 341-352).</subfield>
      </datafield>
      <datafield tag="505" ind1="0" ind2="0">
         <subfield code="t">Introduction --</subfield>
         <subfield code="t">Catalogue.</subfield>
         <subfield code="t">Folder One --</subfield>
         <subfield code="t">Folder Two --</subfield>
         <subfield code="t">Folder Three.</subfield>
         <subfield code="t">Commentary.</subfield>
         <subfield code="t">Folder One --</subfield>
         <subfield code="t">Folder Two --</subfield>
         <subfield code="t">Folder Three.</subfield>
         <subfield code="g">Appendices.</subfield>
         <subfield code="t">Chronological chart of the archaeological sites (1872-1938) --</subfield>
         <subfield code="t">Historical map of the archaeological sites (1872-1938) --</subfield>
         <subfield code="t">Synoptic chart of the British Governors, Commissioners and ASI Officers in NWFP (1895-1939) --</subfield>
         <subfield code="t">Alexander Caddy's 1896 report: the Chakdara Ionic temple and other sites /</subfield>
         <subfield code="r">K. Behrendt --</subfield>
         <subfield code="t">Catalogue of the Malakand Gandhara Collections /</subfield>
         <subfield code="r">P. Brancaccio --</subfield>
         <subfield code="t">Catalogue of the Malakand Library --</subfield>
         <subfield code="t">A. Stein correspondence in the Malakand Fund.</subfield>
      </datafield>
      <datafield tag="651" ind1=" " ind2="0">
         <subfield code="a">Swāt District (Pakistan)</subfield>
         <subfield code="x">History</subfield>
         <subfield code="v">Sources.</subfield>
      </datafield>
      <datafield tag="651" ind1=" " ind2="0">
         <subfield code="a">Swāt District (Pakistan)</subfield>
         <subfield code="x">Antiquities.</subfield>
      </datafield>
      <datafield tag="600" ind1="1" ind2="0">
         <subfield code="a">Stein, Aurel,</subfield>
         <subfield code="c">Sir,</subfield>
         <subfield code="d">1862-1943</subfield>
         <subfield code="v">Archives.</subfield>
      </datafield>
      <datafield tag="651" ind1=" " ind2="0">
         <subfield code="a">Mālakand District (Pakistan)</subfield>
         <subfield code="x">History</subfield>
         <subfield code="v">Sources.</subfield>
      </datafield>
      <datafield tag="651" ind1=" " ind2="0">
         <subfield code="a">Mālakand District (Pakistan)</subfield>
         <subfield code="x">Antiquities.</subfield>
      </datafield>
      <datafield tag="650" ind1=" " ind2="0">
         <subfield code="a">Excavations (Archaeology)</subfield>
         <subfield code="z">Pakistan</subfield>
         <subfield code="z">Mālakand District</subfield>
         <subfield code="x">History</subfield>
         <subfield code="v">Sources.</subfield>
      </datafield>
      <datafield tag="650" ind1=" " ind2="0">
         <subfield code="a">Archives</subfield>
         <subfield code="z">Pakistan</subfield>
         <subfield code="z">Swāt District.</subfield>
      </datafield>
      <datafield tag="650" ind1=" " ind2="0">
         <subfield code="a">Archives</subfield>
         <subfield code="z">Pakistan</subfield>
         <subfield code="z">Mālakand District.</subfield>
      </datafield>
      <datafield tag="600" ind1="1" ind2="7">
         <subfield code="a">Stein, Aurel,</subfield>
         <subfield code="c">Sir,</subfield>
         <subfield code="d">1862-1943.</subfield>
         <subfield code="2">fast</subfield>
         <subfield code="0">(OCoLC)fst00089848</subfield>
      </datafield>
      <datafield tag="650" ind1=" " ind2="7">
         <subfield code="a">Antiquities.</subfield>
         <subfield code="2">fast</subfield>
         <subfield code="0">(OCoLC)fst00810745</subfield>
      </datafield>
      <datafield tag="650" ind1=" " ind2="7">
         <subfield code="a">Archives.</subfield>
         <subfield code="2">fast</subfield>
         <subfield code="0">(OCoLC)fst00814030</subfield>
      </datafield>
      <datafield tag="651" ind1=" " ind2="7">
         <subfield code="a">Pakistan</subfield>
         <subfield code="z">Mālakand District.</subfield>
         <subfield code="2">fast</subfield>
         <subfield code="0">(OCoLC)fst01890471</subfield>
      </datafield>
      <datafield tag="651" ind1=" " ind2="7">
         <subfield code="a">Pakistan</subfield>
         <subfield code="z">Swāt District.</subfield>
         <subfield code="2">fast</subfield>
         <subfield code="0">(OCoLC)fst01230428</subfield>
      </datafield>
      <datafield tag="655" ind1=" " ind2="7">
         <subfield code="a">Archives.</subfield>
         <subfield code="2">fast</subfield>
         <subfield code="0">(OCoLC)fst01423700</subfield>
      </datafield>
      <datafield tag="655" ind1=" " ind2="7">
         <subfield code="a">History.</subfield>
         <subfield code="2">fast</subfield>
         <subfield code="0">(OCoLC)fst01411628</subfield>
      </datafield>
      <datafield tag="655" ind1=" " ind2="7">
         <subfield code="a">Sources.</subfield>
         <subfield code="2">fast</subfield>
         <subfield code="0">(OCoLC)fst01423900</subfield>
      </datafield>
      <datafield tag="700" ind1="1" ind2=" ">
         <subfield code="a">De Chiara, Matteo,</subfield>
         <subfield code="e">editor,</subfield>
         <subfield code="e">contributor.</subfield>
      </datafield>
      <datafield tag="700" ind1="1" ind2=" ">
         <subfield code="a">Kamran, Ali,</subfield>
         <subfield code="e">editor.</subfield>
      </datafield>
      <datafield tag="700" ind1="1" ind2=" ">
         <subfield code="a">Mancini, Marco,</subfield>
         <subfield code="e">contributor.</subfield>
      </datafield>
      <datafield tag="700" ind1="1" ind2=" ">
         <subfield code="a">Rossi, Adriano Valerio,</subfield>
         <subfield code="e">contributor.</subfield>
      </datafield>
      <datafield tag="700" ind1="1" ind2=" ">
         <subfield code="a">Behrendt, Kurt A.,</subfield>
         <subfield code="d">1964-</subfield>
         <subfield code="e">contributor.</subfield>
      </datafield>
      <datafield tag="700" ind1="1" ind2=" ">
         <subfield code="a">Brancaccio, Pia,</subfield>
         <subfield code="d">1966-</subfield>
         <subfield code="e">contributor.</subfield>
      </datafield>
      <datafield tag="710" ind1="2" ind2=" ">
         <subfield code="a">Italian Archaeological Mission.</subfield>
      </datafield>
      <datafield tag="710" ind1="2" ind2=" ">
         <subfield code="a">Associazione internazionale di studi sul Mediterraneo e l'Oriente.</subfield>
      </datafield>
      <datafield tag="710" ind1="2" ind2=" ">
         <subfield code="a">Shelby White and Leon Levy Program for Archaeological Publications (Firm)</subfield>
         <subfield code="e">sponsor.</subfield>
      </datafield>
      <datafield tag="710" ind1="2" ind2=" ">
         <subfield code="a">Heidelberger Akademie der Wissenschaften.</subfield>
         <subfield code="b">Forschungsstelle "Felsbilder und Inschriften am Karakorum Highway."</subfield>
      </datafield>
      <datafield tag="797" ind1="2" ind2=" ">
         <subfield code="a">White Levy Program Collection.</subfield>
      </datafield>
      <datafield tag="797" ind1="2" ind2=" ">
         <subfield code="a">WLP Collection.</subfield>
      </datafield>
      <datafield tag="830" ind1=" " ind2="0">
         <subfield code="a">ACT-Field school project reports and memoirs.</subfield>
         <subfield code="p">Archival studies ;</subfield>
         <subfield code="v">v. 1.</subfield>
      </datafield>
      <datafield tag="994" ind1=" " ind2=" ">
         <subfield code="a">Z0</subfield>
         <subfield code="b">ZYU</subfield>
      </datafield>
      <datafield tag="OWN" ind1=" " ind2=" ">
         <subfield code="a">GENERAL</subfield>
      </datafield>
      <datafield tag="AVA" ind1=" " ind2=" ">
         <subfield code="a">NYU50</subfield>
         <subfield code="b">BOBST</subfield>
         <subfield code="c">Main Collection</subfield>
         <subfield code="d">DS378 .O45 2015</subfield>
         <subfield code="e">available</subfield>
         <subfield code="t">Available</subfield>
         <subfield code="f">1</subfield>
         <subfield code="g">0</subfield>
         <subfield code="h">N</subfield>
         <subfield code="i">0</subfield>
         <subfield code="j">MAIN</subfield>
         <subfield code="k">0</subfield>
      </datafield>
      <datafield tag="AVA" ind1=" " ind2=" ">
         <subfield code="a">NYU50</subfield>
         <subfield code="b">NISAW</subfield>
         <subfield code="c">Small Collection</subfield>
         <subfield code="d">DS378 .O45 2015</subfield>
         <subfield code="e">available</subfield>
         <subfield code="t">Available</subfield>
         <subfield code="f">1</subfield>
         <subfield code="g">0</subfield>
         <subfield code="h">N</subfield>
         <subfield code="i">0</subfield>
         <subfield code="j">SMALL</subfield>
         <subfield code="k">0</subfield>
      </datafield>
      <marc:datafield tag="852" ind1=" " ind2=" ">
         <marc:subfield code="b">Institute for the Study of the Ancient World, </marc:subfield>
         <marc:subfield code="c">Small Collection</marc:subfield>
         <marc:subfield code="e">15 East 84th St., </marc:subfield>
         <marc:subfield code="e">New York, NY  10028</marc:subfield>
      </marc:datafield>
   </record>