
  
  
  
  
  
  
 
  
  <record xsi:schemaLocation="http://www.loc.gov/MARC21/slim http://www.loc.gov/standards/marcxml/schema/MARC21slim.xsd">
      <leader>00000cam a2200517 a 4500</leader>
      <controlfield tag="FMT">BK</controlfield>
      <controlfield tag="LDR">00000cam a2200517 a 4500</controlfield>
      <controlfield tag="001">004262158</controlfield>
      <controlfield tag="003">OCoLC</controlfield>
      <controlfield tag="005">20160315111110.0</controlfield>
      <controlfield tag="008">160314s1947    fr abef  b    000 0 fre d</controlfield>
      <datafield tag="035" ind1=" " ind2=" ">
         <subfield code="a">(OCoLC)12965052</subfield>
      </datafield>
      <datafield tag="040" ind1=" " ind2=" ">
         <subfield code="a">CLU</subfield>
         <subfield code="b">eng</subfield>
         <subfield code="c">CLU</subfield>
         <subfield code="d">OCLCQ</subfield>
         <subfield code="d">NLGGC</subfield>
         <subfield code="d">OCLCG</subfield>
         <subfield code="d">OCLCQ</subfield>
         <subfield code="d">OCLCF</subfield>
         <subfield code="d">OCLCQ</subfield>
         <subfield code="d">OCLCO</subfield>
         <subfield code="d">NNU</subfield>
      </datafield>
      <datafield tag="043" ind1=" " ind2=" ">
         <subfield code="a">e-gr---</subfield>
      </datafield>
      <datafield tag="050" ind1=" " ind2="4">
         <subfield code="a">DF13</subfield>
         <subfield code="b">.E19e</subfield>
      </datafield>
      <datafield tag="084" ind1=" " ind2=" ">
         <subfield code="a">15.51</subfield>
         <subfield code="2">bcl</subfield>
      </datafield>
      <datafield tag="084" ind1=" " ind2=" ">
         <subfield code="a">15.30</subfield>
         <subfield code="2">bcl</subfield>
      </datafield>
      <datafield tag="084" ind1=" " ind2=" ">
         <subfield code="a">18.42</subfield>
         <subfield code="2">bcl</subfield>
      </datafield>
      <datafield tag="084" ind1=" " ind2=" ">
         <subfield code="a">18.43</subfield>
         <subfield code="2">bcl</subfield>
      </datafield>
      <datafield tag="110" ind1="2" ind2=" ">
         <subfield code="a">École française d'Athènes.</subfield>
      </datafield>
      <datafield tag="245" ind1="1" ind2="0">
         <subfield code="a">Études d'archéologie et d'histoire grecques /</subfield>
         <subfield code="c">publiées par l'École Française d'Athènes à l'occasion de son centenaire.</subfield>
      </datafield>
      <datafield tag="260" ind1=" " ind2=" ">
         <subfield code="a">Paris :</subfield>
         <subfield code="b">E. de Boccard,</subfield>
         <subfield code="c">1947.</subfield>
      </datafield>
      <datafield tag="300" ind1=" " ind2=" ">
         <subfield code="a">vii, 653 pages :</subfield>
         <subfield code="b">illustrations, maps, plans, 31 plates ;</subfield>
         <subfield code="c">25 cm</subfield>
      </datafield>
      <datafield tag="336" ind1=" " ind2=" ">
         <subfield code="a">text</subfield>
         <subfield code="b">txt</subfield>
         <subfield code="2">rdacontent</subfield>
      </datafield>
      <datafield tag="337" ind1=" " ind2=" ">
         <subfield code="a">unmediated</subfield>
         <subfield code="b">n</subfield>
         <subfield code="2">rdamedia</subfield>
      </datafield>
      <datafield tag="338" ind1=" " ind2=" ">
         <subfield code="a">volume</subfield>
         <subfield code="b">nc</subfield>
         <subfield code="2">rdacarrier</subfield>
      </datafield>
      <datafield tag="490" ind1="1" ind2=" ">
         <subfield code="a">B. C. H. ;</subfield>
         <subfield code="v">1946</subfield>
      </datafield>
      <datafield tag="505" ind1="0" ind2="0">
         <subfield code="t">Le portique des Athéniens à Delphes /</subfield>
         <subfield code="r">Amandry, P. --</subfield>
         <subfield code="t">Études Thessaliennes, IX /</subfield>
         <subfield code="r">Béquignon, Y. --</subfield>
         <subfield code="t">[Ēleiaka] /</subfield>
         <subfield code="r">Bon, A. --</subfield>
         <subfield code="t">Inscriptions de Delphes /</subfield>
         <subfield code="r">Bousquet, J. --</subfield>
         <subfield code="t">Un vase grec à figures rouges découvert en Lorraine /</subfield>
         <subfield code="r">Bulard, M. --</subfield>
         <subfield code="t">À propos de la date de la péristasis du mégaron B à Thermos /</subfield>
         <subfield code="r">Bundgaard, J. A. --</subfield>
         <subfield code="t">La question hittito-achéenne après les dernières publications /</subfield>
         <subfield code="r">Cavaignac, E. --</subfield>
         <subfield code="t">Un sculpteur de Cyrène : Zénion, fils de Zénion /</subfield>
         <subfield code="r">Chamoux, F. --</subfield>
         <subfield code="t">La glyptique crétoise et la continuité de la civilisation minoenne /</subfield>
         <subfield code="r">Chapouthier, F. --</subfield>
         <subfield code="t">Tête féminine du IVe siècle av. J.-C. au Musée du Louvre /</subfield>
         <subfield code="r">Charbonneaux, J. --</subfield>
         <subfield code="t">A geometric graveside scene /</subfield>
         <subfield code="r">Cook, J. M. --</subfield>
         <subfield code="t">Un joueur de marelle au marché de Philippes /</subfield>
         <subfield code="r">Coupry, J. --</subfield>
         <subfield code="t">Note sur Sophocle, Electre, 706 et 724 /</subfield>
         <subfield code="r">Daux, G. --</subfield>
         <subfield code="t">Recherches au Gymnase d'Épidaure /</subfield>
         <subfield code="r">Delorme, J. --</subfield>
         <subfield code="t">Rites de fécondité dans les religions préhelléniques /</subfield>
         <subfield code="r">Delvoye, Ch. --</subfield>
         <subfield code="t">Fenestrarum imagines (bis) /</subfield>
         <subfield code="r">Demangel, R. --</subfield>
         <subfield code="t">Un prêtre oriental sur une gemme crétoise du MR I /</subfield>
         <subfield code="r">Demargne, P. --</subfield>
         <subfield code="t">La végétation à Délos /</subfield>
         <subfield code="r">Déonna, W. --</subfield>
         <subfield code="t">Relief thasien à double registre /</subfield>
         <subfield code="r">Devambez, P. --</subfield>
         <subfield code="t">Lécythe aryballisque athénien /</subfield>
         <subfield code="r">Dugas, Ch. --</subfield>
         <subfield code="t">Sur un passage difficile du "Protagoras" /</subfield>
         <subfield code="r">Festugière, A. J. --</subfield>
         <subfield code="t">Paul-Émile et le synédrion macédonien /</subfield>
         <subfield code="r">Feyel, M. --</subfield>
         <subfield code="t">Plutarque et les oracles béotiens /</subfield>
         <subfield code="r">Flacelière, R. --</subfield>
         <subfield code="t">Héra et Léto à Délos /</subfield>
         <subfield code="r">Gallet de Santerre, H. --</subfield>
         <subfield code="t">L'offrande d'Aristichos et la consultation de l'oracle du Ptoion au début du IIIe siècle av. J.-C. /</subfield>
         <subfield code="r">Guillon, P. --</subfield>
         <subfield code="t">Trépieds archaïques de Thasos /</subfield>
         <subfield code="r">Haspels, E. --</subfield>
         <subfield code="t">Agésilas et Artaxerxès II /</subfield>
         <subfield code="r">Hatzfeld, J. --</subfield>
         <subfield code="t">Inscriptions delphiques d'époque tardive. Inscriptions de Lébadée /</subfield>
         <subfield code="r">Jannoray, J. --</subfield>
      </datafield>
      <datafield tag="505" ind1="8" ind2="0">
         <subfield code="t">En feuilletant les vieilles publications /</subfield>
         <subfield code="r">Karouzos, Chr. --</subfield>
         <subfield code="t">Les Alcméonides à Delphes /</subfield>
         <subfield code="r">La Coste-Messelière, P. de --</subfield>
         <subfield code="t">Les statues de la Grèce ancienne et le témoignage des monnaies /</subfield>
         <subfield code="r">Lacroix, L. --</subfield>
         <subfield code="t">La représentation médiane dans la décoration des frontons majeurs /</subfield>
         <subfield code="r">Lapalus, É. --</subfield>
         <subfield code="t">Terres-cuites d'Asie Mineure /</subfield>
         <subfield code="r">Laumonier, A. --</subfield>
         <subfield code="t">À propos des basiliques paléochrétiennes de Grèce /</subfield>
         <subfield code="r">Lemerle, P. --</subfield>
         <subfield code="t">La liste des peuples locriens dans Thucydide, III, 101 /</subfield>
         <subfield code="r">Lerat, L. --</subfield>
         <subfield code="t">Greniers de l'Helladique ancien /</subfield>
         <subfield code="r">Marinatos, Sp. --</subfield>
         <subfield code="t">Sur quelques particularités du temple d'Asclépios à Épidaure /</subfield>
         <subfield code="r">Martin, R. --</subfield>
         <subfield code="t">Un vase chypriote à figure humaine /</subfield>
         <subfield code="r">Mayence, F. --</subfield>
         <subfield code="t">Thèmes du voyage et thèmes du repos dans la céramique attique à figures rouges du IVe siècle /</subfield>
         <subfield code="r">Metzger, H. --</subfield>
         <subfield code="t">La fin de l'art grec /</subfield>
         <subfield code="r">Michalowski, C. --</subfield>
         <subfield code="t">[Parastaseis syntomoi chronikai] : Essai sur la date /</subfield>
         <subfield code="r">Millet, G. --</subfield>
         <subfield code="t">[Agalmation Dēmētros ek tēs en Athēnais Agoras] /</subfield>
         <subfield code="r">Oikonomos, G. P. --</subfield>
         <subfield code="t">Une iscription byzantine inédite du Parthénon /</subfield>
         <subfield code="r">Orlandos, A. C. --</subfield>
         <subfield code="t">[To Moutatōrion tou en tō Ebdomō Naou Iōannou tou Vaptistou] /</subfield>
         <subfield code="r">Papadopoulos-Falier, J. --</subfield>
         <subfield code="t">Sur un miroir du Musée Britannique /</subfield>
         <subfield code="r">Papaspyridi-Karouzou, S. --</subfield>
         <subfield code="t">Contribution à la question de l'origine de la monnaie /</subfield>
         <subfield code="r">Persson, A. W. --</subfield>
         <subfield code="t">La triade Zeus-Héra-Dionysos dans l'Orient préhellénique d'après les nouveaux fragments d'Alcée /</subfield>
         <subfield code="r">Picard Ch. --</subfield>
         <subfield code="t">Listes de nouveaux mobilisables thespiens /</subfield>
         <subfield code="r">Plassart, A. --</subfield>
         <subfield code="t">Antigone Gonatas et Athènes après la guerre de Chrémonidès /</subfield>
         <subfield code="r">Pouilloux, J. --</subfield>
         <subfield code="t">Le Vieillard de Delphes /</subfield>
         <subfield code="r">Poulsen, F. --</subfield>
         <subfield code="t">Le supplice d'Antigone et celui des servantes d'Ulysse /</subfield>
         <subfield code="r">Robert, F. --</subfield>
         <subfield code="t">Villes de Carie et d'Ionie dans la liste des théorodoques de Delphes /</subfield>
         <subfield code="r">Robert, L. --</subfield>
         <subfield code="t">L'humour chez Pindare /</subfield>
         <subfield code="r">Rome, A. --</subfield>
      </datafield>
      <datafield tag="505" ind1="8" ind2="0">
         <subfield code="t">Mythologie et folklore /</subfield>
         <subfield code="r">Roussel, L. --</subfield>
         <subfield code="t">La dédicace du nouveau temple des Grands Dieux à Samothrace /</subfield>
         <subfield code="r">Salac, A. --</subfield>
         <subfield code="t">Simples remarques sur les comparaisons homériques /</subfield>
         <subfield code="r">Severyns, Albert --</subfield>
         <subfield code="t">Ventes des prêtrises d'Erythrae /</subfield>
         <subfield code="r">Sokolowski, F. --</subfield>
         <subfield code="t">[Egnaustikē eikōn tēs Enthronou Theotokou tēs Monēs tou Sina] /</subfield>
         <subfield code="r">Sotiriou, G. A. --</subfield>
         <subfield code="t">Plaster Model of the Acropolis of Athens : restoration of the end of the first century B.C. /</subfield>
         <subfield code="r">Stevens, G. P. --</subfield>
         <subfield code="t">Ortygie /</subfield>
         <subfield code="r">Tréheux, J. --</subfield>
         <subfield code="t">Deliaca in Prothysin /</subfield>
         <subfield code="r">Vallois, R. --</subfield>
         <subfield code="t">Inscriptions archaïques crétoises /</subfield>
         <subfield code="r">Van Effenterre, H. --</subfield>
         <subfield code="t">Notes sur le deuxième Didymeion /</subfield>
         <subfield code="r">Van Essen, C. C. --</subfield>
         <subfield code="t">Remarques sur une inscription de Tégée /</subfield>
         <subfield code="r">Vollgraff, W. --</subfield>
         <subfield code="t">The prehistoric exploration of the Greek mainland /</subfield>
         <subfield code="r">Wace, A. J. B. --</subfield>
         <subfield code="t">Groupe de bronze du Ve siècle trouvé à Delphes /</subfield>
         <subfield code="r">Will, E.</subfield>
      </datafield>
      <datafield tag="651" ind1=" " ind2="0">
         <subfield code="a">Greece</subfield>
         <subfield code="x">Antiquities.</subfield>
      </datafield>
      <datafield tag="651" ind1=" " ind2="0">
         <subfield code="a">Greece</subfield>
         <subfield code="x">History.</subfield>
      </datafield>
      <datafield tag="650" ind1=" " ind2="0">
         <subfield code="a">Classical antiquities.</subfield>
      </datafield>
      <datafield tag="650" ind1=" " ind2="0">
         <subfield code="a">Excavations (Archaeology)</subfield>
         <subfield code="z">Greece.</subfield>
      </datafield>
      <datafield tag="650" ind1=" " ind2="7">
         <subfield code="a">Antiquities.</subfield>
         <subfield code="2">fast</subfield>
         <subfield code="0">(OCoLC)fst00810745</subfield>
      </datafield>
      <datafield tag="650" ind1=" " ind2="7">
         <subfield code="a">Classical antiquities.</subfield>
         <subfield code="2">fast</subfield>
         <subfield code="0">(OCoLC)fst00863445</subfield>
      </datafield>
      <datafield tag="650" ind1=" " ind2="7">
         <subfield code="a">Excavations (Archaeology)</subfield>
         <subfield code="2">fast</subfield>
         <subfield code="0">(OCoLC)fst00917564</subfield>
      </datafield>
      <datafield tag="651" ind1=" " ind2="7">
         <subfield code="a">Greece.</subfield>
         <subfield code="2">fast</subfield>
         <subfield code="0">(OCoLC)fst01208380</subfield>
      </datafield>
      <datafield tag="655" ind1=" " ind2="7">
         <subfield code="a">History.</subfield>
         <subfield code="2">fast</subfield>
         <subfield code="0">(OCoLC)fst01411628</subfield>
      </datafield>
      <datafield tag="700" ind1="1" ind2=" ">
         <subfield code="a">Demangel, R.</subfield>
         <subfield code="q">(Robert)</subfield>
      </datafield>
      <datafield tag="776" ind1="0" ind2="8">
         <subfield code="i">Online version:</subfield>
         <subfield code="a">Ecole française d'Athènes.</subfield>
         <subfield code="t">Études d'archéologie et d'histoire grecques.</subfield>
         <subfield code="d">Paris, E. de Boccard, 1947</subfield>
         <subfield code="w">(OCoLC)608695055</subfield>
      </datafield>
      <datafield tag="830" ind1=" " ind2="0">
         <subfield code="a">Bulletin de Correspondance Hellénique ;</subfield>
         <subfield code="v">1946.</subfield>
      </datafield>
      <datafield tag="994" ind1=" " ind2=" ">
         <subfield code="a">Z0</subfield>
         <subfield code="b">ZYU</subfield>
      </datafield>
      <datafield tag="OWN" ind1=" " ind2=" ">
         <subfield code="a">GENERAL</subfield>
      </datafield>
      <datafield tag="AVA" ind1=" " ind2=" ">
         <subfield code="a">NYU50</subfield>
         <subfield code="b">NISAW</subfield>
         <subfield code="c">Large Collection</subfield>
         <subfield code="d">DF13 .E19 1947</subfield>
         <subfield code="e">available</subfield>
         <subfield code="t">Available</subfield>
         <subfield code="f">1</subfield>
         <subfield code="g">0</subfield>
         <subfield code="h">N</subfield>
         <subfield code="i">0</subfield>
         <subfield code="j">LARGE</subfield>
         <subfield code="k">0</subfield>
      </datafield>
      <marc:datafield tag="852" ind1=" " ind2=" ">
         <marc:subfield code="b">Institute for the Study of the Ancient World, </marc:subfield>
         <marc:subfield code="c">Large Collection</marc:subfield>
         <marc:subfield code="e">15 East 84th St., </marc:subfield>
         <marc:subfield code="e">New York, NY  10028</marc:subfield>
      </marc:datafield>
   </record>