
  
  
  
  
  
  
 
  
  <record xsi:schemaLocation="http://www.loc.gov/MARC21/slim http://www.loc.gov/standards/marcxml/schema/MARC21slim.xsd">
      <leader>00000crm a2200445 i 4500</leader>
      <controlfield tag="FMT">VM</controlfield>
      <controlfield tag="LDR">00000crm a2200445 i 4500</controlfield>
      <controlfield tag="001">004262644</controlfield>
      <controlfield tag="003">OCoLC</controlfield>
      <controlfield tag="005">20160315094703.0</controlfield>
      <controlfield tag="008">160315t20142014be nnn            gneng d</controlfield>
      <datafield tag="024" ind1="3" ind2="0">
         <subfield code="a">5425016920558</subfield>
      </datafield>
      <datafield tag="028" ind1="5" ind2="0">
         <subfield code="a">SEV-EN01-CH201211</subfield>
         <subfield code="b">Asmodee US</subfield>
      </datafield>
      <datafield tag="035" ind1=" " ind2=" ">
         <subfield code="a">(OCoLC)911401344</subfield>
      </datafield>
      <datafield tag="040" ind1=" " ind2=" ">
         <subfield code="a">EAU</subfield>
         <subfield code="b">eng</subfield>
         <subfield code="e">rda</subfield>
         <subfield code="c">EAU</subfield>
         <subfield code="d">NNU</subfield>
      </datafield>
      <datafield tag="043" ind1=" " ind2=" ">
         <subfield code="a">aw-----</subfield>
      </datafield>
      <datafield tag="100" ind1="1" ind2=" ">
         <subfield code="a">Bauza, Antoine,</subfield>
         <subfield code="e">author.</subfield>
      </datafield>
      <datafield tag="245" ind1="1" ind2="0">
         <subfield code="a">7 wonders /</subfield>
         <subfield code="c">Antoine Bauza.</subfield>
      </datafield>
      <datafield tag="246" ind1="3" ind2=" ">
         <subfield code="a">Seven wonders</subfield>
      </datafield>
      <datafield tag="264" ind1=" " ind2="1">
         <subfield code="a">Bruxelles, Belgium :</subfield>
         <subfield code="b">Repos Production,</subfield>
         <subfield code="c">[2014]</subfield>
      </datafield>
      <datafield tag="264" ind1=" " ind2="2">
         <subfield code="a">Plattsburgh, NY :</subfield>
         <subfield code="b">Asmodee Editions</subfield>
      </datafield>
      <datafield tag="264" ind1=" " ind2="4">
         <subfield code="c">©2014</subfield>
      </datafield>
      <datafield tag="300" ind1=" " ind2=" ">
         <subfield code="a">1 game (7 Wonder boards, 7 Wonder cards, 49 Age I cards, 49 Age II cards, 50 Age III cards, 46 conflict tokens, 24 value 3 coins, 46 value 1 coins, 1 score booklet, 1 "quick rules" sheet, 2 "2-player" cards) :</subfield>
         <subfield code="b">cardboard, color ;</subfield>
         <subfield code="c">in container 29 x 29 x 8 cm +</subfield>
         <subfield code="e">1 rulebook (12 pages : color illustrations ; 26 cm)</subfield>
      </datafield>
      <datafield tag="336" ind1=" " ind2=" ">
         <subfield code="a">three-dimensional form</subfield>
         <subfield code="b">tdf</subfield>
         <subfield code="2">rdacontent</subfield>
      </datafield>
      <datafield tag="337" ind1=" " ind2=" ">
         <subfield code="a">unmediated</subfield>
         <subfield code="b">n</subfield>
         <subfield code="2">rdamedia</subfield>
      </datafield>
      <datafield tag="338" ind1=" " ind2=" ">
         <subfield code="a">other</subfield>
         <subfield code="b">nz</subfield>
         <subfield code="2">rdacarrier</subfield>
      </datafield>
      <datafield tag="500" ind1=" " ind2=" ">
         <subfield code="a">Title from container.</subfield>
      </datafield>
      <datafield tag="500" ind1=" " ind2=" ">
         <subfield code="a">For 2-7 players.</subfield>
      </datafield>
      <datafield tag="500" ind1=" " ind2=" ">
         <subfield code="a">Duration of play: 30 minutes.</subfield>
      </datafield>
      <datafield tag="521" ind1=" " ind2=" ">
         <subfield code="a">Ages 10 and up.</subfield>
      </datafield>
      <datafield tag="586" ind1=" " ind2=" ">
         <subfield code="a">International Gamers Awards winner, 2011.</subfield>
      </datafield>
      <datafield tag="508" ind1=" " ind2=" ">
         <subfield code="a">Author: Antoine Bauza ; Development: Cédrick Caumont &amp; Thomas Provoost ; Art: Miguel Coimbra.</subfield>
      </datafield>
      <datafield tag="520" ind1=" " ind2=" ">
         <subfield code="a">Game takes place over 3 Ages, each using one of 3 card decks. Each player uses 6 cards per Age to build their city and Wonder. At end of third Age, player with the most victory points wins.</subfield>
      </datafield>
      <datafield tag="650" ind1=" " ind2="0">
         <subfield code="a">Board games</subfield>
         <subfield code="v">Specimens.</subfield>
      </datafield>
      <datafield tag="650" ind1=" " ind2="0">
         <subfield code="a">Seven Wonders of the World.</subfield>
      </datafield>
      <datafield tag="650" ind1=" " ind2="7">
         <subfield code="a">Board games.</subfield>
         <subfield code="2">fast</subfield>
         <subfield code="0">(OCoLC)fst00835096</subfield>
      </datafield>
      <datafield tag="650" ind1=" " ind2="7">
         <subfield code="a">Seven Wonders of the World.</subfield>
         <subfield code="2">fast</subfield>
         <subfield code="0">(OCoLC)fst01113635</subfield>
      </datafield>
      <datafield tag="700" ind1="1" ind2=" ">
         <subfield code="a">Coimbra, Miguel,</subfield>
         <subfield code="e">artist.</subfield>
      </datafield>
      <datafield tag="700" ind1="1" ind2=" ">
         <subfield code="a">Caumont, Cédrick.</subfield>
      </datafield>
      <datafield tag="700" ind1="1" ind2=" ">
         <subfield code="a">Provoost, Thomas.</subfield>
      </datafield>
      <datafield tag="710" ind1="2" ind2=" ">
         <subfield code="a">Asmodee Editions.</subfield>
      </datafield>
      <datafield tag="710" ind1="2" ind2=" ">
         <subfield code="a">Repos Production.</subfield>
      </datafield>
      <datafield tag="994" ind1=" " ind2=" ">
         <subfield code="a">Z0</subfield>
         <subfield code="b">ZYU</subfield>
      </datafield>
      <datafield tag="OWN" ind1=" " ind2=" ">
         <subfield code="a">GENERAL</subfield>
      </datafield>
      <datafield tag="AVA" ind1=" " ind2=" ">
         <subfield code="a">NYU50</subfield>
         <subfield code="b">NISAW</subfield>
         <subfield code="c">Reference 3 Collection</subfield>
         <subfield code="d">MEDIA 1601</subfield>
         <subfield code="e">available</subfield>
         <subfield code="t">Available</subfield>
         <subfield code="f">1</subfield>
         <subfield code="g">0</subfield>
         <subfield code="h">N</subfield>
         <subfield code="i">0</subfield>
         <subfield code="j">REF3</subfield>
         <subfield code="k">4</subfield>
      </datafield>
      <marc:datafield tag="852" ind1=" " ind2=" ">
         <marc:subfield code="b">Institute for the Study of the Ancient World, </marc:subfield>
         <marc:subfield code="c">Reference 3 Collection</marc:subfield>
         <marc:subfield code="e">15 East 84th St., </marc:subfield>
         <marc:subfield code="e">New York, NY  10028</marc:subfield>
      </marc:datafield>
   </record>