
  
  
  
  
  
  
 
  
  <record xsi:schemaLocation="http://www.loc.gov/MARC21/slim http://www.loc.gov/standards/marcxml/schema/MARC21slim.xsd">
      <leader>00000cam a2200433 a 4500</leader>
      <controlfield tag="FMT">BK</controlfield>
      <controlfield tag="LDR">00000cam a2200433 a 4500</controlfield>
      <controlfield tag="001">004264652</controlfield>
      <controlfield tag="003">OCoLC</controlfield>
      <controlfield tag="005">20160322143521.0</controlfield>
      <controlfield tag="008">160322s1982    ru       b    000 0 ruso</controlfield>
      <datafield tag="010" ind1=" " ind2=" ">
         <subfield code="a">82221674</subfield>
      </datafield>
      <datafield tag="035" ind1=" " ind2=" ">
         <subfield code="a">(OCoLC)10275910</subfield>
         <subfield code="z">(OCoLC)54161011</subfield>
         <subfield code="z">(OCoLC)702475261</subfield>
      </datafield>
      <datafield tag="040" ind1=" " ind2=" ">
         <subfield code="a">DLC</subfield>
         <subfield code="b">eng</subfield>
         <subfield code="c">DLC</subfield>
         <subfield code="d">OCLCF</subfield>
         <subfield code="d">OCLCO</subfield>
         <subfield code="d">OCLCQ</subfield>
         <subfield code="d">NNU</subfield>
      </datafield>
      <datafield tag="050" ind1="0" ind2="0">
         <subfield code="a">Q124.95</subfield>
         <subfield code="b">.O23 1982</subfield>
      </datafield>
      <datafield tag="066" ind1=" " ind2=" ">
         <subfield code="c">(N</subfield>
      </datafield>
      <datafield tag="082" ind1="0" ind2="0">
         <subfield code="a">509/.09/01</subfield>
         <subfield code="2">19</subfield>
      </datafield>
      <datafield tag="245" ind1="0" ind2="0">
         <subfield code="6">880-01</subfield>
         <subfield code="a">Ocherki istorii estestvennonauchnykh znaniĭ v drevnosti /</subfield>
         <subfield code="c">[otvetstvennyĭ redaktor A.N. Shamin].</subfield>
      </datafield>
      <datafield tag="260" ind1=" " ind2=" ">
         <subfield code="6">880-02</subfield>
         <subfield code="a">Moskva :</subfield>
         <subfield code="b">Izd-vo "Nauka",</subfield>
         <subfield code="c">1982.</subfield>
      </datafield>
      <datafield tag="300" ind1=" " ind2=" ">
         <subfield code="a">275 pages ;</subfield>
         <subfield code="c">21 cm.</subfield>
      </datafield>
      <datafield tag="336" ind1=" " ind2=" ">
         <subfield code="a">text</subfield>
         <subfield code="b">txt</subfield>
         <subfield code="2">rdacontent</subfield>
      </datafield>
      <datafield tag="337" ind1=" " ind2=" ">
         <subfield code="a">unmediated</subfield>
         <subfield code="b">n</subfield>
         <subfield code="2">rdamedia</subfield>
      </datafield>
      <datafield tag="338" ind1=" " ind2=" ">
         <subfield code="a">volume</subfield>
         <subfield code="b">nc</subfield>
         <subfield code="2">rdacarrier</subfield>
      </datafield>
      <datafield tag="490" ind1="1" ind2=" ">
         <subfield code="6">880-03</subfield>
         <subfield code="a">Biblioteka vsemirnoĭ istorii estestvoznanii͡a</subfield>
      </datafield>
      <datafield tag="500" ind1=" " ind2=" ">
         <subfield code="a">ISAW copy is from the Library of Hayim and Miriam Tadmor.</subfield>
         <subfield code="5">NNU</subfield>
      </datafield>
      <datafield tag="500" ind1=" " ind2=" ">
         <subfield code="6">880-04</subfield>
         <subfield code="a">At head of title: Akademii͡a nauk SSSR. Institut istorii estestvoznanii͡a i tekhniki.</subfield>
      </datafield>
      <datafield tag="504" ind1=" " ind2=" ">
         <subfield code="a">Includes bibliographical references.</subfield>
      </datafield>
      <datafield tag="505" ind1="0" ind2="0">
         <subfield code="6">880-05</subfield>
         <subfield code="t">Pervobytnye predstavlenii͡a o mire (obshchiĭ vzgli͡ad) /</subfield>
         <subfield code="r">V.N. Toporov --</subfield>
         <subfield code="t">Astral'nye mify i risunki /</subfield>
         <subfield code="r">B.A. Frolov --</subfield>
         <subfield code="t">Nauchnye predstavlenii͡a na drevnem Vostoke (Shumer, Babilonii͡a, Peredni͡ai͡a Azii͡a) /</subfield>
         <subfield code="r">I.M. D'i͡akonov --</subfield>
         <subfield code="t">Nauka drevnego Egipta /</subfield>
         <subfield code="r">M.A. Korostovt͡sev --</subfield>
         <subfield code="t">Estestvennonauchnye predstavlenii͡a ėpokhi Ved i Upanishad /</subfield>
         <subfield code="r">E.N. Molodt͡sova --</subfield>
         <subfield code="t">Otdel'nye otrasli nauki v drevneĭ Indii /</subfield>
         <subfield code="r">A.I. Vopodarskiĭ --</subfield>
         <subfield code="t">O zarozhdenii estestvennonauchnykh znaniĭ v drevnem Kitae /</subfield>
         <subfield code="r">Ė.I. Berezkina --</subfield>
         <subfield code="t">Drevnegrecheskai͡a nauka /</subfield>
         <subfield code="r">I.D. Rozhanskiĭ.</subfield>
      </datafield>
      <datafield tag="650" ind1=" " ind2="0">
         <subfield code="a">Science, Ancient.</subfield>
      </datafield>
      <datafield tag="650" ind1=" " ind2="7">
         <subfield code="a">Science, Ancient.</subfield>
         <subfield code="2">fast</subfield>
         <subfield code="0">(OCoLC)fst01108800</subfield>
      </datafield>
      <datafield tag="796" ind1="1" ind2=" ">
         <subfield code="a">Tadmor, Hayim,</subfield>
         <subfield code="e">former owner.</subfield>
      </datafield>
      <datafield tag="796" ind1="1" ind2=" ">
         <subfield code="a">Tadmor, Miriam,</subfield>
         <subfield code="e">former owner.</subfield>
      </datafield>
      <datafield tag="797" ind1="2" ind2=" ">
         <subfield code="a">Tadmor Collection.</subfield>
      </datafield>
      <datafield tag="700" ind1="1" ind2=" ">
         <subfield code="a">Shamin, A. N.</subfield>
         <subfield code="q">(Alekseĭ Nikolaevich)</subfield>
      </datafield>
      <datafield tag="710" ind1="2" ind2=" ">
         <subfield code="a">Institut istorii estestvoznanii͡a i tekhniki (Akademii͡a nauk SSSR)</subfield>
      </datafield>
      <datafield tag="776" ind1="0" ind2="8">
         <subfield code="i">Online version:</subfield>
         <subfield code="t">Ocherki istorii estestvennonauchnykh znaniĭ v drevnosti.</subfield>
         <subfield code="d">Moskva : Izd-vo "Nauka," 1982</subfield>
         <subfield code="w">(OCoLC)654292775</subfield>
      </datafield>
      <datafield tag="880" ind1="0" ind2="0">
         <subfield code="6">245-01/</subfield>
         <subfield code="a">Очерки истории естественнонаучных знаний в древности /</subfield>
         <subfield code="c">[ответственный редактор А.Н. Шамин].</subfield>
      </datafield>
      <datafield tag="880" ind1=" " ind2=" ">
         <subfield code="6">260-02/</subfield>
         <subfield code="a">Москва :</subfield>
         <subfield code="b">Изд-во "Наука",</subfield>
         <subfield code="c">1982.</subfield>
      </datafield>
      <datafield tag="880" ind1="1" ind2=" ">
         <subfield code="6">490-03/</subfield>
         <subfield code="a">Библиотека всемирной истории естествознания</subfield>
      </datafield>
      <datafield tag="880" ind1=" " ind2=" ">
         <subfield code="6">500-04/</subfield>
         <subfield code="a">At head of title: Академия наук СССР. Институт истории естествознания и техники.</subfield>
      </datafield>
      <datafield tag="880" ind1="0" ind2="0">
         <subfield code="6">505-05/</subfield>
         <subfield code="t">Первобытные представления о мире (общий взгляд) /</subfield>
         <subfield code="r">В.Н. Топоров --</subfield>
         <subfield code="t">Астральные мифы и рисунки /</subfield>
         <subfield code="r">Б.А. Фролов --</subfield>
         <subfield code="t">Научные представления на древнем Востоке (Шумер, Бабилония, Передняя Азия) /</subfield>
         <subfield code="r">И.М. Дьяконов --</subfield>
         <subfield code="t">Наука древнего Египта /</subfield>
         <subfield code="r">М.А. Коростовцев --</subfield>
         <subfield code="t">Естественнонаучные представления эпохи Вед и Упанишад /</subfield>
         <subfield code="r">Е.Н. Молодцова --</subfield>
         <subfield code="t">Отдельные отрасли науки в древней Индии /</subfield>
         <subfield code="r">А.И. Воподарский --</subfield>
         <subfield code="t">О зарождении естественнонаучных знаний в древнем Китае /</subfield>
         <subfield code="r">Э.И. Березкина --</subfield>
         <subfield code="t">Древнегреческая наука /</subfield>
         <subfield code="r">И.Д. Рожанский.</subfield>
      </datafield>
      <datafield tag="830" ind1=" " ind2="0">
         <subfield code="a">Biblioteka vsemirnoĭ istorii estestvoznanii͡a.</subfield>
      </datafield>
      <datafield tag="994" ind1=" " ind2=" ">
         <subfield code="a">Z0</subfield>
         <subfield code="b">ZYU</subfield>
      </datafield>
      <datafield tag="OWN" ind1=" " ind2=" ">
         <subfield code="a">GENERAL</subfield>
      </datafield>
      <datafield tag="AVA" ind1=" " ind2=" ">
         <subfield code="a">NYU50</subfield>
         <subfield code="b">NISAW</subfield>
         <subfield code="c">Small Collection</subfield>
         <subfield code="d">Q124.95 .O23 1982</subfield>
         <subfield code="e">available</subfield>
         <subfield code="t">Available</subfield>
         <subfield code="f">1</subfield>
         <subfield code="g">0</subfield>
         <subfield code="h">N</subfield>
         <subfield code="i">0</subfield>
         <subfield code="j">SMALL</subfield>
         <subfield code="k">0</subfield>
      </datafield>
      <marc:datafield tag="852" ind1=" " ind2=" ">
         <marc:subfield code="b">Institute for the Study of the Ancient World, </marc:subfield>
         <marc:subfield code="c">Small Collection</marc:subfield>
         <marc:subfield code="e">15 East 84th St., </marc:subfield>
         <marc:subfield code="e">New York, NY  10028</marc:subfield>
      </marc:datafield>
   </record>