
  
  
  
  
  
 
  
  <record xsi:schemaLocation="http://www.loc.gov/MARC21/slim http://www.loc.gov/standards/marcxml/schema/MARC21slim.xsd">
      <leader>00000cam a2200661 i 4500</leader>
      <controlfield tag="FMT">BK</controlfield>
      <controlfield tag="LDR">00000cam a2200661 i 4500</controlfield>
      <controlfield tag="001">004266193</controlfield>
      <controlfield tag="003">OCoLC</controlfield>
      <controlfield tag="005">20160405162621.0</controlfield>
      <controlfield tag="008">150914s2015    tu abd   b    000 0 engod</controlfield>
      <datafield tag="020" ind1=" " ind2=" ">
         <subfield code="a">9786055250492</subfield>
      </datafield>
      <datafield tag="020" ind1=" " ind2=" ">
         <subfield code="a">6055250497</subfield>
      </datafield>
      <datafield tag="035" ind1=" " ind2=" ">
         <subfield code="a">(OCoLC)921150545</subfield>
         <subfield code="z">(OCoLC)922461028</subfield>
         <subfield code="z">(OCoLC)922462600</subfield>
      </datafield>
      <datafield tag="040" ind1=" " ind2=" ">
         <subfield code="a">PAU</subfield>
         <subfield code="b">eng</subfield>
         <subfield code="e">rda</subfield>
         <subfield code="c">PAU</subfield>
         <subfield code="d">YDXCP</subfield>
         <subfield code="d">BTCTA</subfield>
         <subfield code="d">OCLCF</subfield>
         <subfield code="d">ZYU</subfield>
      </datafield>
      <datafield tag="043" ind1=" " ind2=" ">
         <subfield code="a">e-gr---</subfield>
         <subfield code="a">a-tu---</subfield>
      </datafield>
      <datafield tag="050" ind1=" " ind2="4">
         <subfield code="a">DF261.A177</subfield>
         <subfield code="b">N678 2015</subfield>
      </datafield>
      <datafield tag="245" ind1="0" ind2="0">
         <subfield code="a">Nostoi :</subfield>
         <subfield code="b">indigenous culture, migration + integration in the Aegean Islands + Western Anatolia during the Late Bronze + Early Iron ages /</subfield>
         <subfield code="c">edited by Nicholas Chr. Stampolidis, Çiğdem Maner, Konstantinos Kopanias.</subfield>
      </datafield>
      <datafield tag="246" ind1="3" ind2=" ">
         <subfield code="a">Indigenous culture, migration + integration in the Aegean Islands + Western Anatolia during the Late Bronze + Early Iron ages</subfield>
      </datafield>
      <datafield tag="246" ind1="3" ind2=" ">
         <subfield code="a">indigenous culture, migration and integration in the Aegean Islands and Western Anatolia during the Late Bronze and Early Iron ages</subfield>
      </datafield>
      <datafield tag="250" ind1=" " ind2=" ">
         <subfield code="a">First print.</subfield>
      </datafield>
      <datafield tag="264" ind1=" " ind2="1">
         <subfield code="a">İstanbul :</subfield>
         <subfield code="b">Koç University Press,</subfield>
         <subfield code="c">2015.</subfield>
      </datafield>
      <datafield tag="264" ind1=" " ind2="3">
         <subfield code="c">© 2014</subfield>
      </datafield>
      <datafield tag="300" ind1=" " ind2=" ">
         <subfield code="a">1002 pages :</subfield>
         <subfield code="b">illustrations, maps, plans ;</subfield>
         <subfield code="c">24 cm</subfield>
      </datafield>
      <datafield tag="336" ind1=" " ind2=" ">
         <subfield code="a">text</subfield>
         <subfield code="b">txt</subfield>
         <subfield code="2">rdacontent</subfield>
      </datafield>
      <datafield tag="337" ind1=" " ind2=" ">
         <subfield code="a">unmediated</subfield>
         <subfield code="b">n</subfield>
         <subfield code="2">rdamedia</subfield>
      </datafield>
      <datafield tag="338" ind1=" " ind2=" ">
         <subfield code="a">volume</subfield>
         <subfield code="b">nc</subfield>
         <subfield code="2">rdacarrier</subfield>
      </datafield>
      <datafield tag="504" ind1=" " ind2=" ">
         <subfield code="a">Includes bibliographical references and index.</subfield>
      </datafield>
      <datafield tag="505" ind1="0" ind2="0">
         <subfield code="g">Part 1.</subfield>
         <subfield code="t">General.</subfield>
         <subfield code="t">The political geography of Arzawa (Western Anatolia) /</subfield>
         <subfield code="r">J. David Hawkins --</subfield>
         <subfield code="t">The east Aegean-west Anatolian interface in the 12th Century BC : some aspects arising from the Mycenaean pottery /</subfield>
         <subfield code="r">Penelope A. Mountjoy --</subfield>
         <subfield code="t">Between the Aegeans and the Hittites : western Anatolia in the 2nd millennium BC /</subfield>
         <subfield code="r">Peter Pavúk --</subfield>
         <subfield code="t">Settlement patterns and socio-political landscape of western Anatolian in the middle and late Bronze Age : a geoarchaeological view /</subfield>
         <subfield code="r">Ralf Becks --</subfield>
         <subfield code="t">The history of the Arzawan state during the Hittite period /</subfield>
         <subfield code="r">Metin Alparslan.</subfield>
         <subfield code="g">Part 2.</subfield>
         <subfield code="t">Migration.</subfield>
         <subfield code="t">Migrations in Anatolian narrative traditions /</subfield>
         <subfield code="r">Mary R. Bachvarova --</subfield>
         <subfield code="t">Migration and integration at Troy from the end of the late Bronze Age to the Iron Age /</subfield>
         <subfield code="r">Carolyn Chabot Aslan, Pavol Hnila --</subfield>
         <subfield code="t">The Mushki/Phrygian problem from the Near Eastern point of view /</subfield>
         <subfield code="r">Konstantinos Kopanias --</subfield>
         <subfield code="t">Ionian migration : certainties and underlying uncertainties /</subfield>
         <subfield code="r">Florentia Fragkopoulou --</subfield>
         <subfield code="t">Violence and the Ionian migration : representation and reality /</subfield>
         <subfield code="r">Naoíse Mac Sweeney.</subfield>
      </datafield>
      <datafield tag="505" ind1="8" ind2="0">
         <subfield code="g">Part 3A.</subfield>
         <subfield code="t">Fieldwork: Aegean.</subfield>
         <subfield code="t">Bridging north and south : the Dodecanese Islands and the "eastern insular arc" between Crete and Anatolia during the late Bronze Age /</subfield>
         <subfield code="r">Fanı K. Seroglou, Dimitris Sfakianakis --</subfield>
         <subfield code="t">The "Mycenaeans" in the southeast Aegean revisited : an inter-regional comparison /</subfield>
         <subfield code="r">Jacob Eerbeek --</subfield>
         <subfield code="t">The Koan tradition during the Mycenaean age : a contextual and functional analysis of local ceramics from the “Serraglio”, Eleona, and Langada /</subfield>
         <subfield code="r">Salvatore Vitale, Arianna Trecarichi --</subfield>
         <subfield code="t">The Cyclades and the Dodecanese during the post−palatial period : heterogeneous developments of a homogeneous culture /</subfield>
         <subfield code="r">Andreas Vlachopoulos, Mercourios Georgiadis --</subfield>
         <subfield code="t">Mycenaeanization on Melos : a view from the Phylakopi pantries /</subfield>
         <subfield code="r">Jason W. Earle --</subfield>
         <subfield code="t">Minoanisation, acculturation, hybridisation : the evidence of the Minoan presence in the north east Aegean between the middle and late Bronze Age /</subfield>
         <subfield code="r">Luca Girella, Peter Pavúk --</subfield>
         <subfield code="t">Greek ethnics in [-ēnos] and the name of Mytilene /</subfield>
         <subfield code="r">Alexander Dale --</subfield>
         <subfield code="t">Hephaestia : new data on the Mycenaean presence on Lemnos during the late Bronze Age /</subfield>
         <subfield code="r">Luigi Coluccia --</subfield>
         <subfield code="t">The indigenous culture of Hephaestia (Lemnos) at the beginning of the Iron Age : ancient sources, mythical tradition, and archaeological data /</subfield>
         <subfield code="r">Laura Danile.</subfield>
      </datafield>
      <datafield tag="505" ind1="8" ind2="0">
         <subfield code="g">Part 3B.</subfield>
         <subfield code="t">Fieldwork: Anatolia.</subfield>
         <subfield code="t">A monumental middle Bronze Age apsidal building at Alalakh /</subfield>
         <subfield code="r">K. Aslıhan Yener --</subfield>
         <subfield code="t">Kizzuwatna in the Bronze Age and in later periods : continuity and/or discontinuity? /</subfield>
         <subfield code="r">Remzi Yağcı --</subfield>
         <subfield code="t">Late Bronze–early Iron Age painted pottery from the northeast Mediterranean settlements /</subfield>
         <subfield code="r">Elıf Ünlü --</subfield>
         <subfield code="t">Notes on cultural interaction in northwest Pisidia in the Iron Age /</subfield>
         <subfield code="r">Bilge Hürmüzlü, Paul Iversen --</subfield>
         <subfield code="t">Lycia before Lycians : the elusive second millennium BC in southwest Turkey and the Çaltılar archaeological project /</subfield>
         <subfield code="r">Nicoletta Momigliano, Belgin Aksoy --</subfield>
         <subfield code="t">Late Bronze Age Miletus : the Anatolian face /</subfield>
         <subfield code="r">Ivonne Kaiser, Julien Zurbach --</subfield>
         <subfield code="t">Geometric Miletus /</subfield>
         <subfield code="r">Michael Krumme --</subfield>
         <subfield code="t">Çeşme−Bağlararası : a western Anatolian harbour settlement at the beginning of the late Bronze Age /</subfield>
         <subfield code="r">Vasıf Şahoğlu --</subfield>
         <subfield code="t">Bademgediği Tepe (Puranda) near Metropolis /</subfield>
         <subfield code="r">Recep Meriç, Ali Kazım Öz--</subfield>
         <subfield code="t">Çie−Tepecik : new contributions on late Bronze Age cultures in western Anatolia /</subfield>
         <subfield code="r">Sevinç Günel --</subfield>
         <subfield code="t">Liman Tepe during the late Bronze Age /</subfield>
         <subfield code="r">Sıla Mangaloğlu-Votruba.</subfield>
         <subfield code="g">Part 4.</subfield>
         <subfield code="t">Trade.</subfield>
         <subfield code="t">Profit oriented traders in the Aegean and Anatolia in the 2nd millennium BC : inter-cultural concepts of measurement and value /</subfield>
         <subfield code="r">Anna Michailidou --</subfield>
         <subfield code="t">Study of imports in late Bronze Age Anatolia : identification, definition, chronological, and spatial analysis /</subfield>
         <subfield code="r">Ekin Kozal.</subfield>
      </datafield>
      <datafield tag="505" ind1="8" ind2="0">
         <subfield code="g">Part 5.</subfield>
         <subfield code="t">Cult, social, and intercultural aspects.</subfield>
         <subfield code="t">Songs by land and sea descending : Anatolian and Aegean poetic traditions /</subfield>
         <subfield code="r">Annette Teffeteller --</subfield>
         <subfield code="t">Arzawan rituals and Greek religion /</subfield>
         <subfield code="r">Alice Mouton, Ian Rutherford --</subfield>
         <subfield code="t">The Aegean–type sword found at Hattus̆a and the written sources about the exchange of technology at the late Bronze Age /</subfield>
         <subfield code="r">Konstantinos Giannakos --</subfield>
         <subfield code="t">From western to eastern Anatolia : reconsidering the Aegean presence in the peripheries of the Hittite world /</subfield>
         <subfield code="r">Gioia Zenoni --</subfield>
         <subfield code="t">Against the identification of Karkis̆a with Carians /</subfield>
         <subfield code="r">Zsolt Simon --</subfield>
         <subfield code="t">The Ionian migration and ceramic dynamics in Ionia at the end of the second millennium BC : some preliminary thoughts /</subfield>
         <subfield code="r">Rik Vaessen --</subfield>
         <subfield code="t">When east meets west : the social identity of western Anatolia /</subfield>
         <subfield code="r">Çiğdem Maner --</subfield>
         <subfield code="t">Cross-cultural interaction in the eastern Mediterranean during the early Iron Age : a view from seal engraving, with special reference to the lyre-player group /</subfield>
         <subfield code="r">Manolis Mikrakis --</subfield>
         <subfield code="t">At the crossroads : dress and body ornaments in the northeastern Aegean /</subfield>
         <subfield code="r">Magda Pieniążek --</subfield>
         <subfield code="t">Something old, something new : non−local brides as catalysts for cultural exchange at Ayia Irini, Kea? /</subfield>
         <subfield code="r">Evi Gorogianni, Joanne Cutler, Rodney D. Fitzsimons --</subfield>
         <subfield code="t">Klazomenaeans of three continents : emphasis on the 7th c. BC /</subfield>
         <subfield code="r">Anagnostis Pan. Agelarakis.</subfield>
      </datafield>
      <datafield tag="546" ind1=" " ind2=" ">
         <subfield code="a">In English.</subfield>
      </datafield>
      <datafield tag="651" ind1=" " ind2="0">
         <subfield code="a">Aegean Islands (Greece and Turkey)</subfield>
         <subfield code="x">Antiquities.</subfield>
      </datafield>
      <datafield tag="651" ind1=" " ind2="0">
         <subfield code="a">Turkey</subfield>
         <subfield code="x">Antiquities.</subfield>
      </datafield>
      <datafield tag="650" ind1=" " ind2="0">
         <subfield code="a">Excavations (Archaeology)</subfield>
         <subfield code="z">Aegean Islands (Greece and Turkey)</subfield>
      </datafield>
      <datafield tag="650" ind1=" " ind2="0">
         <subfield code="a">Excavations (Archaeology)</subfield>
         <subfield code="z">Turkey.</subfield>
      </datafield>
      <datafield tag="650" ind1=" " ind2="0">
         <subfield code="a">Bronze age</subfield>
         <subfield code="z">Aegean Sea Region.</subfield>
      </datafield>
      <datafield tag="650" ind1=" " ind2="0">
         <subfield code="a">Bronze age</subfield>
         <subfield code="z">Turkey.</subfield>
      </datafield>
      <datafield tag="650" ind1=" " ind2="0">
         <subfield code="a">Iron age</subfield>
         <subfield code="z">Aegean Sea Region.</subfield>
      </datafield>
      <datafield tag="650" ind1=" " ind2="0">
         <subfield code="a">Iron age</subfield>
         <subfield code="z">Turkey.</subfield>
      </datafield>
      <datafield tag="650" ind1=" " ind2="7">
         <subfield code="a">Antiquities.</subfield>
         <subfield code="2">fast</subfield>
         <subfield code="0">(OCoLC)fst00810745</subfield>
      </datafield>
      <datafield tag="650" ind1=" " ind2="7">
         <subfield code="a">Bronze age.</subfield>
         <subfield code="2">fast</subfield>
         <subfield code="0">(OCoLC)fst00839439</subfield>
      </datafield>
      <datafield tag="650" ind1=" " ind2="7">
         <subfield code="a">Excavations (Archaeology)</subfield>
         <subfield code="2">fast</subfield>
         <subfield code="0">(OCoLC)fst00917564</subfield>
      </datafield>
      <datafield tag="650" ind1=" " ind2="7">
         <subfield code="a">Iron age.</subfield>
         <subfield code="2">fast</subfield>
         <subfield code="0">(OCoLC)fst00979145</subfield>
      </datafield>
      <datafield tag="651" ind1=" " ind2="7">
         <subfield code="a">Europe</subfield>
         <subfield code="z">Aegean Sea Region.</subfield>
         <subfield code="2">fast</subfield>
         <subfield code="0">(OCoLC)fst01725082</subfield>
      </datafield>
      <datafield tag="651" ind1=" " ind2="7">
         <subfield code="a">Mediterranean Region</subfield>
         <subfield code="z">Aegean Islands.</subfield>
         <subfield code="2">fast</subfield>
         <subfield code="0">(OCoLC)fst01310032</subfield>
      </datafield>
      <datafield tag="651" ind1=" " ind2="7">
         <subfield code="a">Turkey.</subfield>
         <subfield code="2">fast</subfield>
         <subfield code="0">(OCoLC)fst01208963</subfield>
      </datafield>
      <datafield tag="700" ind1="1" ind2=" ">
         <subfield code="a">Stampolidēs, Nikolaos Chr.,</subfield>
         <subfield code="e">editor.</subfield>
      </datafield>
      <datafield tag="700" ind1="1" ind2=" ">
         <subfield code="a">Maner, Çiğdem,</subfield>
         <subfield code="e">editor.</subfield>
      </datafield>
      <datafield tag="700" ind1="1" ind2=" ">
         <subfield code="a">Kopanias, Konstantinos,</subfield>
         <subfield code="e">editor.</subfield>
      </datafield>
      <datafield tag="OWN" ind1=" " ind2=" ">
         <subfield code="a">GENERAL</subfield>
      </datafield>
      <datafield tag="AVA" ind1=" " ind2=" ">
         <subfield code="a">NYU50</subfield>
         <subfield code="b">NISAW</subfield>
         <subfield code="c">Small Collection</subfield>
         <subfield code="d">DF261.A177 N678 2015</subfield>
         <subfield code="e">available</subfield>
         <subfield code="t">Available</subfield>
         <subfield code="f">1</subfield>
         <subfield code="g">0</subfield>
         <subfield code="h">N</subfield>
         <subfield code="i">0</subfield>
         <subfield code="j">SMALL</subfield>
         <subfield code="k">0</subfield>
      </datafield>
      <marc:datafield tag="852" ind1=" " ind2=" ">
         <marc:subfield code="b">Institute for the Study of the Ancient World, </marc:subfield>
         <marc:subfield code="c">Small Collection</marc:subfield>
         <marc:subfield code="e">15 East 84th St., </marc:subfield>
         <marc:subfield code="e">New York, NY  10028</marc:subfield>
      </marc:datafield>
   </record>