
  
  
  
  
  
  
 
  
  <record xsi:schemaLocation="http://www.loc.gov/MARC21/slim http://www.loc.gov/standards/marcxml/schema/MARC21slim.xsd">
      <leader>00000nam a2200253   4500</leader>
      <controlfield tag="FMT">BK</controlfield>
      <controlfield tag="LDR">00000nam a2200253   4500</controlfield>
      <controlfield tag="001">002560198</controlfield>
      <controlfield tag="003">NNU</controlfield>
      <controlfield tag="005">20160406114924.0</controlfield>
      <controlfield tag="008">790221s1977    is a     b    010 0 heb d</controlfield>
      <datafield tag="035" ind1="9" ind2=" ">
         <subfield code="a">NYUb10227338</subfield>
      </datafield>
      <datafield tag="035" ind1=" " ind2=" ">
         <subfield code="a">GLIS002273389</subfield>
      </datafield>
      <datafield tag="035" ind1=" " ind2=" ">
         <subfield code="a">(CStRLIN)NYUG4675447B</subfield>
      </datafield>
      <datafield tag="040" ind1=" " ind2=" ">
         <subfield code="a">MCE</subfield>
         <subfield code="c">MCE</subfield>
         <subfield code="d">CStRLIN</subfield>
         <subfield code="d">NNU</subfield>
      </datafield>
      <datafield tag="041" ind1="0" ind2=" ">
         <subfield code="a">hebengger</subfield>
      </datafield>
      <datafield tag="050" ind1=" " ind2="4">
         <subfield code="a">PJ4514</subfield>
         <subfield code="b">.K8x</subfield>
      </datafield>
      <datafield tag="100" ind1="1" ind2=" ">
         <subfield code="a">Kutscher, Edward Yechezkel,</subfield>
         <subfield code="d">1909-1971.</subfield>
      </datafield>
      <datafield tag="245" ind1="1" ind2="0">
         <subfield code="6">880-01</subfield>
         <subfield code="a">Hebrew and Aramaic studies /</subfield>
         <subfield code="c">Eduard Yechezkel Kutscher ; edited by Zeev Ben-Hayyim, Aharon Dotan, Gad Sarfatti ; with the assistance of Moshe Bar-Asher = Mehkarim be-'Ivrit uve-'Aramit / Yehezkel Kutsher ; be-'arikhat Ze'ev Ben-Haim, Aharon Dotan, G.B'.Tsorfati ; hevi li-defus Mosheh Bar-'Asher.</subfield>
      </datafield>
      <datafield tag="260" ind1=" " ind2=" ">
         <subfield code="6">880-02</subfield>
         <subfield code="a">Yerushalayim :</subfield>
         <subfield code="b">Hotsaʼat sefarim ʻal shem Y.L. Magnes, ha-Universiṭah ha-ʻIvrit,,</subfield>
         <subfield code="c">737, 1977.</subfield>
      </datafield>
      <datafield tag="300" ind1=" " ind2=" ">
         <subfield code="a">ca. 700 p. in various pagings :</subfield>
         <subfield code="b">ill. ;</subfield>
         <subfield code="c">25 cm.</subfield>
      </datafield>
      <datafield tag="500" ind1=" " ind2=" ">
         <subfield code="a">Articles in Hebrew, English, and German; added t.p. in Hebrew.</subfield>
      </datafield>
      <datafield tag="500" ind1=" " ind2=" ">
         <subfield code="a">A "Memorial volume" of Kutscher's own work.</subfield>
      </datafield>
      <datafield tag="504" ind1=" " ind2=" ">
         <subfield code="a">Includes bibliographical information and a bibliography of Kutscher's writings.</subfield>
      </datafield>
      <datafield tag="505" ind1="0" ind2="0">
         <subfield code="t">Eduard Yechezkel Kutscher : His Life and Works.</subfield>
         <subfield code="t">Bibliography of E.Y. Kutscher's Writings.</subfield>
         <subfield code="g">Hebrew and Aramaic Studies.</subfield>
         <subfield code="t">Publications in which first Appeared the Studies Collected in this Volume --</subfield>
         <subfield code="t">The Language of the Genesis Apocryphon : A Preliminary Study (1957) --</subfield>
         <subfield code="t">New Aramaic Texts (1954) --</subfield>
         <subfield code="t">The Hermopolis Papyri (1971) --</subfield>
         <subfield code="t">Two "Passive" Constructions in Aramaic in the Light of Persian (1965) --</subfield>
         <subfield code="t">Aramaic (1971) --</subfield>
         <subfield code="t">Mittelhebräische und Jüdisch-Aramäisch im neuen Köhler-Baumgartner (1967) --</subfield>
         <subfield code="t">Review of: S. Moscati, An Introduction to the Comparative Grammar of the Semitic Languages (1966) --</subfield>
         <subfield code="t">Index of Words.</subfield>
         <subfield code="g">Hebrew Section.</subfield>
         <subfield code="t">Texts.</subfield>
         <subfield code="t">Two Hebrew Seals (1942) --</subfield>
         <subfield code="t">An Aramic Leather Scroll of the Fifth Century B.C.E. (1945) --</subfield>
         <subfield code="t">Inscriptions from Jerusalem of the First Temple Period (1956) --</subfield>
         <subfield code="t">Hebrew and Aramaic Inscriptions from Jerusalem of the Second Temple Period (1956) --</subfield>
         <subfield code="t">The Hebrew and Aramaic Letters bar Koseba and his Contemporaries. Part I: The Aramaic Letters (1961) --</subfield>
         <subfield code="t">The Hebrew and Aramaic Letters bar Koseba and his Contemporaries. Part II: The Hebrew Letters (1961) --</subfield>
         <subfield code="t">Studies in Language.</subfield>
         <subfield code="t">Mishnaic Hebrew (1963) --</subfield>
         <subfield code="t">Studies in the Grammar of Mishnaic Hebrew according to Ms. Kaufmann (1969) --</subfield>
         <subfield code="t">Articulation of the Volwels u, i in [Greek and Latin] Transcriptions of Biblical Hebrew, in Galilean Aramaic and in Mishnaic Hebrew (1968) --</subfield>
         <subfield code="t">Studies in Galilean Aramaic (1950-1951) --</subfield>
         <subfield code="t">Review of: J.N. Epstein, A Grammar of Babylonian Aramaic (1962) --</subfield>
         <subfield code="t">Review of: Z. Ben-Hayyim, The Literary and Oral Tradition of Hebrew and Aramaic amongst the Samaritans (1968) --</subfield>
         <subfield code="t">Review of: G. Garbini, II semitico di nord-ovest (1964-65) --</subfield>
         <subfield code="t">The Hebrew Language and the Language in Contact with it through its History (1968) --</subfield>
      </datafield>
      <datafield tag="505" ind1="8" ind2="0">
         <subfield code="t">Bible Studies and Lexicology.</subfield>
         <subfield code="t">[Hebrew text] (Ps 83,11) (1934) --</subfield>
         <subfield code="t">[Hebrew text] (Dt 33, 12) (1936) --</subfield>
         <subfield code="t">Where did the Tribe of Issachar dwell? (1939) --</subfield>
         <subfield code="t">Explanation of an Obscure Biblical Word: [Hebrew text] (1940) --</subfield>
         <subfield code="t">Notes to the Biblical Lexicon (1957) --</subfield>
         <subfield code="t">Marginal Notes to the Biblical Lexicon (1964-68) --</subfield>
         <subfield code="t">[Hebrew text] and its Cognates (1961) --</subfield>
         <subfield code="t">A Lexical Problem: [Hebrew text] (1937) --</subfield>
         <subfield code="t">Ugaritica Marginalia (1969) --</subfield>
         <subfield code="t">[Hebrew text] (1970) --</subfield>
         <subfield code="t">Aramaic Calque in Hebrew (1964) --</subfield>
         <subfield code="t">[Hebrew text] (1940) --</subfield>
         <subfield code="t">About Weaving Tools (1944) --</subfield>
         <subfield code="t">Terms of Legal Documents in the Talmud and in Gaonic Literature (1946-48) --</subfield>
         <subfield code="t">[Hebrew text] and its Cognates (1967) --</subfield>
         <subfield code="t">Marginal Notes to the Mishnaic Lexicon and a Grammatical Note (1967) --</subfield>
         <subfield code="t">Geniza Fragments of the Mekilta of Rabbi Yishma'el (1968).</subfield>
      </datafield>
      <datafield tag="500" ind1=" " ind2=" ">
         <subfield code="a">ISAW copy is from the Library of Hayim and Miriam Tadmor.</subfield>
         <subfield code="5">NNU</subfield>
      </datafield>
      <datafield tag="600" ind1="1" ind2="0">
         <subfield code="a">Kutscher, Edward Yechezkel,</subfield>
         <subfield code="d">1909-1971.</subfield>
      </datafield>
      <datafield tag="650" ind1=" " ind2="0">
         <subfield code="a">Hebrew language.</subfield>
      </datafield>
      <datafield tag="650" ind1=" " ind2="0">
         <subfield code="a">Aramaic language.</subfield>
      </datafield>
      <datafield tag="796" ind1="1" ind2=" ">
         <subfield code="a">Tadmor, Hayim,</subfield>
         <subfield code="e">former owner.</subfield>
      </datafield>
      <datafield tag="796" ind1="1" ind2=" ">
         <subfield code="a">Tadmor, Miriam,</subfield>
         <subfield code="e">former owner.</subfield>
      </datafield>
      <datafield tag="797" ind1="2" ind2=" ">
         <subfield code="a">Tadmor Collection.</subfield>
      </datafield>
      <datafield tag="880" ind1="1" ind2="0">
         <subfield code="6">245-01/</subfield>
         <subfield code="a">Hebrew and Aramaic studies /</subfield>
         <subfield code="c">Eduard Yechezkel Kutscher ; edited by Zeev Ben-Hayyim, Aharon Dotan, Gad Sarfatti ; with the assistance of Moshe Bar-Asher =מחקרים בעברית ובארמית / יחזקאל קוטשר; בעריכת זאב בן-חיים, אהרון דותן, גב"ע צרפתי; הביא לדפוס משה בר-אשר.</subfield>
      </datafield>
      <datafield tag="880" ind1=" " ind2=" ">
         <subfield code="6">260-02/</subfield>
         <subfield code="a">ירושלים :</subfield>
         <subfield code="b">הוצאת ספרים ע"ש י"ל מאגנס,</subfield>
         <subfield code="c">737, 1977.</subfield>
      </datafield>
      <datafield tag="OWN" ind1=" " ind2=" ">
         <subfield code="a">GENERAL</subfield>
      </datafield>
      <datafield tag="AVA" ind1=" " ind2=" ">
         <subfield code="a">NYU50</subfield>
         <subfield code="b">BOBST</subfield>
         <subfield code="c">Main Collection</subfield>
         <subfield code="d">PJ4514 .K8x</subfield>
         <subfield code="e">unavailable</subfield>
         <subfield code="t">Unavailable</subfield>
         <subfield code="f">1</subfield>
         <subfield code="g">1</subfield>
         <subfield code="h">N</subfield>
         <subfield code="i">1</subfield>
         <subfield code="j">MAIN</subfield>
         <subfield code="k">0</subfield>
      </datafield>
      <datafield tag="AVA" ind1=" " ind2=" ">
         <subfield code="a">NYU50</subfield>
         <subfield code="b">NISAW</subfield>
         <subfield code="c">Small Collection</subfield>
         <subfield code="d">PJ4514 .K8 1977</subfield>
         <subfield code="e">available</subfield>
         <subfield code="t">Available</subfield>
         <subfield code="f">1</subfield>
         <subfield code="g">0</subfield>
         <subfield code="h">N</subfield>
         <subfield code="i">0</subfield>
         <subfield code="j">SMALL</subfield>
         <subfield code="k">0</subfield>
      </datafield>
      <marc:datafield tag="852" ind1=" " ind2=" ">
         <marc:subfield code="b">Institute for the Study of the Ancient World, </marc:subfield>
         <marc:subfield code="c">Small Collection</marc:subfield>
         <marc:subfield code="e">15 East 84th St., </marc:subfield>
         <marc:subfield code="e">New York, NY  10028</marc:subfield>
      </marc:datafield>
   </record>