
  
  
  
  
  
  
 
  
  <record xsi:schemaLocation="http://www.loc.gov/MARC21/slim http://www.loc.gov/standards/marcxml/schema/MARC21slim.xsd">
      <leader>00000cam a2200841 a 4500</leader>
      <controlfield tag="FMT">BK</controlfield>
      <controlfield tag="LDR">00000cam a2200841 a 4500</controlfield>
      <controlfield tag="001">004267201</controlfield>
      <controlfield tag="003">OCoLC</controlfield>
      <controlfield tag="005">20160331143358.0</controlfield>
      <controlfield tag="008">160330s2010    gw a     b    101 0 eng d</controlfield>
      <datafield tag="010" ind1=" " ind2=" ">
         <subfield code="a">2010677851</subfield>
      </datafield>
      <datafield tag="015" ind1=" " ind2=" ">
         <subfield code="a">10,N39</subfield>
         <subfield code="2">dnb</subfield>
      </datafield>
      <datafield tag="016" ind1="7" ind2=" ">
         <subfield code="a">1007117540</subfield>
         <subfield code="2">DE-101</subfield>
      </datafield>
      <datafield tag="020" ind1=" " ind2=" ">
         <subfield code="a">9783161505829</subfield>
         <subfield code="q">(hd. bd.)</subfield>
      </datafield>
      <datafield tag="020" ind1=" " ind2=" ">
         <subfield code="a">3161505824</subfield>
         <subfield code="q">(hd. bd.)</subfield>
      </datafield>
      <datafield tag="035" ind1=" " ind2=" ">
         <subfield code="a">(OCoLC)679932647</subfield>
         <subfield code="z">(OCoLC)883136089</subfield>
      </datafield>
      <datafield tag="040" ind1=" " ind2=" ">
         <subfield code="a">OHX</subfield>
         <subfield code="b">eng</subfield>
         <subfield code="c">OHX</subfield>
         <subfield code="d">DLC</subfield>
         <subfield code="d">GWDNB</subfield>
         <subfield code="d">HEBIS</subfield>
         <subfield code="d">COO</subfield>
         <subfield code="d">CGU</subfield>
         <subfield code="d">VLB</subfield>
         <subfield code="d">OCLCQ</subfield>
         <subfield code="d">OCLCA</subfield>
         <subfield code="d">OCLCF</subfield>
         <subfield code="d">CHVBK</subfield>
         <subfield code="d">OCLCO</subfield>
         <subfield code="d">BTCTA</subfield>
         <subfield code="d">OCL</subfield>
         <subfield code="d">OCLCO</subfield>
         <subfield code="d">P4A</subfield>
         <subfield code="d">OCLCQ</subfield>
         <subfield code="d">NNU</subfield>
      </datafield>
      <datafield tag="041" ind1="0" ind2=" ">
         <subfield code="a">eng</subfield>
         <subfield code="a">ger</subfield>
      </datafield>
      <datafield tag="042" ind1=" " ind2=" ">
         <subfield code="a">lccopycat</subfield>
      </datafield>
      <datafield tag="043" ind1=" " ind2=" ">
         <subfield code="a">aw-----</subfield>
      </datafield>
      <datafield tag="050" ind1="0" ind2="0">
         <subfield code="a">BL21</subfield>
         <subfield code="b">.W45 2010</subfield>
      </datafield>
      <datafield tag="072" ind1=" " ind2="7">
         <subfield code="a">BL</subfield>
         <subfield code="2">lcco</subfield>
      </datafield>
      <datafield tag="082" ind1="0" ind2="4">
         <subfield code="a">202.4</subfield>
         <subfield code="2">22/ger</subfield>
      </datafield>
      <datafield tag="090" ind1=" " ind2=" ">
         <subfield code="a">BL227</subfield>
         <subfield code="b">.W45 2010</subfield>
      </datafield>
      <datafield tag="245" ind1="0" ind2="0">
         <subfield code="a">Weltkonstruktionen :</subfield>
         <subfield code="b">religiöse Weltdeutung zwischen Chaos und Kosmos vom Alten Orient bis zum Islam /</subfield>
         <subfield code="c">herausgegeben von Peter Gemeinhardt und Annette Zgoll.</subfield>
      </datafield>
      <datafield tag="260" ind1=" " ind2=" ">
         <subfield code="a">Tübingen :</subfield>
         <subfield code="b">Mohr Siebeck,</subfield>
         <subfield code="c">2010.</subfield>
      </datafield>
      <datafield tag="300" ind1=" " ind2=" ">
         <subfield code="a">xvi, 242 pages :</subfield>
         <subfield code="b">illustrations ;</subfield>
         <subfield code="c">25 cm.</subfield>
      </datafield>
      <datafield tag="336" ind1=" " ind2=" ">
         <subfield code="a">text</subfield>
         <subfield code="b">txt</subfield>
         <subfield code="2">rdacontent</subfield>
      </datafield>
      <datafield tag="337" ind1=" " ind2=" ">
         <subfield code="a">unmediated</subfield>
         <subfield code="b">n</subfield>
         <subfield code="2">rdamedia</subfield>
      </datafield>
      <datafield tag="338" ind1=" " ind2=" ">
         <subfield code="a">volume</subfield>
         <subfield code="b">nc</subfield>
         <subfield code="2">rdacarrier</subfield>
      </datafield>
      <datafield tag="490" ind1="1" ind2=" ">
         <subfield code="a">Orientalische Religionen in der Antike ;</subfield>
         <subfield code="v">5 =</subfield>
         <subfield code="a">Oriental Religions in Antiquity ;</subfield>
         <subfield code="v">5,</subfield>
         <subfield code="x">1869-0513</subfield>
      </datafield>
      <datafield tag="500" ind1=" " ind2=" ">
         <subfield code="a">International conference proceedings.</subfield>
      </datafield>
      <datafield tag="546" ind1=" " ind2=" ">
         <subfield code="a">6 English, 4 German contributions.</subfield>
      </datafield>
      <datafield tag="504" ind1=" " ind2=" ">
         <subfield code="a">Includes bibliographical references and indexes.</subfield>
      </datafield>
      <datafield tag="520" ind1=" " ind2=" ">
         <subfield code="a">Religion hat mit Gott und der Welt zu tun. Wie Religionen im Alten Orient, in der griechischen und agyptischen Antike, im Alten und Neuen Testament, im spatantiken Christentum und im Islam die Welt deuten, wird in dem vorliegenden Band im interdisziplinaren Gesprach erortert. Grundlegende Kategorien der Welterklarung sind Chaos und Kosmos, Schopfung und Weltende, himmlische und irdische Welt bzw. die Welt der Lebenden und die Unterwelt. In zehn Fallstudien fragen die Autoren nach der Topographie solcher Weltkonstruktionen, wobei sowohl die Unterschiede zwischen den Deutungsmustern der einzelnen Religionen als auch die Analogien zu Tage treten. Klar ist: Wer zwischen dem zweiten Jahrtausend vor und dem ersten Jahrtausend nach Christus nach der Welt und den in ihr waltenden Machten fragt, fragt auch nach der Macht Gottes - und damit nach Ziel und Sinn der Welt.</subfield>
      </datafield>
      <datafield tag="505" ind1="0" ind2="0">
         <subfield code="t">Vorwort /</subfield>
         <subfield code="r">Peter Gemeinhardt, Annette Zgoll.</subfield>
         <subfield code="t">Altmesopotamische Weltbilder : die Welt mit altbabylonischen Augen gesehen /</subfield>
         <subfield code="r">Claus Wilcke --</subfield>
         <subfield code="t">Animate, inanimate and primary elements in Mesopotamian creation accounts : revisited /</subfield>
         <subfield code="r">Wayne Horowitz --</subfield>
         <subfield code="t">Mundus inversus and the phenomenon of cursing : some examples from the ancient Near East and the Hebrew Bible /</subfield>
         <subfield code="r">Paul A. Kruger --</subfield>
         <subfield code="t">König Jahwe and das Chaos : zur Rezeption und Transformation des Chaoskampfmotivs im Alten Testament /</subfield>
         <subfield code="r">Henrik Pfeiffer --</subfield>
         <subfield code="t">Kosmos und Kosmologie bei Paulus /</subfield>
         <subfield code="r">Oda Wischmeyer --</subfield>
         <subfield code="t">Dimensions of death in the Greek and Roman worlds /</subfield>
         <subfield code="r">Daniel Ogden --</subfield>
         <subfield code="t">Augustus und die ägyptische Weltordnung /</subfield>
         <subfield code="r">Friederike Herklotz --</subfield>
         <subfield code="t">Self and cosmos transformed : the significance of the idea of creation for christianity's counter-cultural challenge /</subfield>
         <subfield code="r">Frances Young --</subfield>
         <subfield code="t">Coherent chaos and chaotic cosmos : the Qur'ān and the symmetry of truth /</subfield>
         <subfield code="r">Todd Lawson --</subfield>
         <subfield code="t">Templificato hominis : Ka'ba, cosmos, and man in the Islamic mystical tradition /</subfield>
         <subfield code="r">Maria E. Subtelny.</subfield>
      </datafield>
      <datafield tag="650" ind1=" " ind2="0">
         <subfield code="a">Religion</subfield>
         <subfield code="v">Congresses.</subfield>
      </datafield>
      <datafield tag="650" ind1=" " ind2="0">
         <subfield code="a">Religion and civilization</subfield>
         <subfield code="v">Congresses.</subfield>
      </datafield>
      <datafield tag="650" ind1=" " ind2="0">
         <subfield code="a">Natural theology</subfield>
         <subfield code="v">Congresses.</subfield>
      </datafield>
      <datafield tag="650" ind1=" " ind2="0">
         <subfield code="a">Religion and science</subfield>
         <subfield code="v">Congresses.</subfield>
      </datafield>
      <datafield tag="650" ind1=" " ind2="0">
         <subfield code="a">Creation R.</subfield>
      </datafield>
      <datafield tag="650" ind1=" " ind2="7">
         <subfield code="a">Natural theology.</subfield>
         <subfield code="2">fast</subfield>
         <subfield code="0">(OCoLC)fst01034530</subfield>
      </datafield>
      <datafield tag="650" ind1=" " ind2="7">
         <subfield code="a">Religion.</subfield>
         <subfield code="2">fast</subfield>
         <subfield code="0">(OCoLC)fst01093763</subfield>
      </datafield>
      <datafield tag="650" ind1=" " ind2="7">
         <subfield code="a">Religion and civilization.</subfield>
         <subfield code="2">fast</subfield>
         <subfield code="0">(OCoLC)fst01093821</subfield>
      </datafield>
      <datafield tag="650" ind1=" " ind2="7">
         <subfield code="a">Religion and science.</subfield>
         <subfield code="2">fast</subfield>
         <subfield code="0">(OCoLC)fst01093848</subfield>
      </datafield>
      <datafield tag="655" ind1=" " ind2="7">
         <subfield code="a">Conference papers and proceedings.</subfield>
         <subfield code="2">fast</subfield>
         <subfield code="0">(OCoLC)fst01423772</subfield>
      </datafield>
      <datafield tag="700" ind1="1" ind2=" ">
         <subfield code="a">Gemeinhardt, Peter,</subfield>
         <subfield code="d">1970-</subfield>
      </datafield>
      <datafield tag="700" ind1="1" ind2=" ">
         <subfield code="a">Zgoll, Annette.</subfield>
      </datafield>
      <datafield tag="776" ind1="0" ind2="8">
         <subfield code="i">Online version:</subfield>
         <subfield code="t">Weltkonstruktionen.</subfield>
         <subfield code="d">Tübingen : Mohr Siebeck, 2010</subfield>
         <subfield code="w">(OCoLC)741502741</subfield>
      </datafield>
      <datafield tag="830" ind1=" " ind2="0">
         <subfield code="a">Orientalische Religionen in der Antike ;</subfield>
         <subfield code="v">5.</subfield>
      </datafield>
      <datafield tag="994" ind1=" " ind2=" ">
         <subfield code="a">Z0</subfield>
         <subfield code="b">ZYU</subfield>
      </datafield>
      <datafield tag="OWN" ind1=" " ind2=" ">
         <subfield code="a">GENERAL</subfield>
      </datafield>
      <datafield tag="AVA" ind1=" " ind2=" ">
         <subfield code="a">NYU50</subfield>
         <subfield code="b">NISAW</subfield>
         <subfield code="c">Small Collection</subfield>
         <subfield code="d">BL227 .W45 2010</subfield>
         <subfield code="e">available</subfield>
         <subfield code="t">Available</subfield>
         <subfield code="f">1</subfield>
         <subfield code="g">0</subfield>
         <subfield code="h">N</subfield>
         <subfield code="i">0</subfield>
         <subfield code="j">SMALL</subfield>
         <subfield code="k">0</subfield>
      </datafield>
      <marc:datafield tag="852" ind1=" " ind2=" ">
         <marc:subfield code="b">Institute for the Study of the Ancient World, </marc:subfield>
         <marc:subfield code="c">Small Collection</marc:subfield>
         <marc:subfield code="e">15 East 84th St., </marc:subfield>
         <marc:subfield code="e">New York, NY  10028</marc:subfield>
      </marc:datafield>
   </record>