
  
  
  
  
  
  
 
  
  <record xsi:schemaLocation="http://www.loc.gov/MARC21/slim http://www.loc.gov/standards/marcxml/schema/MARC21slim.xsd">
      <leader>00000cam a2200673 i 4500</leader>
      <controlfield tag="FMT">BK</controlfield>
      <controlfield tag="LDR">00000cam a2200673 i 4500</controlfield>
      <controlfield tag="001">004267205</controlfield>
      <controlfield tag="003">OCoLC</controlfield>
      <controlfield tag="005">20160331142952.0</controlfield>
      <controlfield tag="007">co ugu||||||||</controlfield>
      <controlfield tag="008">160330t20142014gw a     b    100 0 ger d</controlfield>
      <datafield tag="010" ind1=" " ind2=" ">
         <subfield code="a">2014399627</subfield>
      </datafield>
      <datafield tag="016" ind1="7" ind2=" ">
         <subfield code="a">1003459366</subfield>
         <subfield code="2">DE-101</subfield>
      </datafield>
      <datafield tag="016" ind1="7" ind2=" ">
         <subfield code="a">1003459366</subfield>
         <subfield code="2">GyFmDB</subfield>
      </datafield>
      <datafield tag="020" ind1=" " ind2=" ">
         <subfield code="a">9783161504181 (hd.bd.)</subfield>
      </datafield>
      <datafield tag="020" ind1=" " ind2=" ">
         <subfield code="a">3161504186 (hd.bd.)</subfield>
      </datafield>
      <datafield tag="035" ind1=" " ind2=" ">
         <subfield code="a">(OCoLC)878493987</subfield>
      </datafield>
      <datafield tag="040" ind1=" " ind2=" ">
         <subfield code="a">OHX</subfield>
         <subfield code="b">eng</subfield>
         <subfield code="e">rda</subfield>
         <subfield code="c">OHX</subfield>
         <subfield code="d">DLC</subfield>
         <subfield code="d">CGU</subfield>
         <subfield code="d">COO</subfield>
         <subfield code="d">MZA</subfield>
         <subfield code="d">OCLCF</subfield>
         <subfield code="d">CUY</subfield>
         <subfield code="d">MEAUC</subfield>
         <subfield code="d">OCLCO</subfield>
         <subfield code="d">OCL</subfield>
         <subfield code="d">GBVCP</subfield>
         <subfield code="d">NNU</subfield>
      </datafield>
      <datafield tag="041" ind1="1" ind2=" ">
         <subfield code="a">ger</subfield>
         <subfield code="a">eng</subfield>
         <subfield code="a">fre</subfield>
         <subfield code="a">egy</subfield>
         <subfield code="h">egy</subfield>
      </datafield>
      <datafield tag="042" ind1=" " ind2=" ">
         <subfield code="a">lccopycat</subfield>
      </datafield>
      <datafield tag="043" ind1=" " ind2=" ">
         <subfield code="a">f-ua---</subfield>
      </datafield>
      <datafield tag="050" ind1="0" ind2="0">
         <subfield code="a">BL2455</subfield>
         <subfield code="b">.A39 2014</subfield>
      </datafield>
      <datafield tag="072" ind1=" " ind2="7">
         <subfield code="a">BL</subfield>
         <subfield code="2">lcco</subfield>
      </datafield>
      <datafield tag="082" ind1="0" ind2="0">
         <subfield code="a">290</subfield>
      </datafield>
      <datafield tag="245" ind1="0" ind2="0">
         <subfield code="a">Ägyptische Rituale der griechisch-römischen Zeit /</subfield>
         <subfield code="c">herausgegeben von Joachim Friedrich Quack.</subfield>
      </datafield>
      <datafield tag="264" ind1=" " ind2="1">
         <subfield code="a">Tübingen :</subfield>
         <subfield code="b">Mohr Siebeck,</subfield>
         <subfield code="c">[2014].</subfield>
      </datafield>
      <datafield tag="264" ind1=" " ind2="4">
         <subfield code="c">©2014</subfield>
      </datafield>
      <datafield tag="300" ind1=" " ind2=" ">
         <subfield code="a">vi, 377 pages :</subfield>
         <subfield code="b">illustrations ;</subfield>
         <subfield code="c">25 cm. +</subfield>
         <subfield code="e">1 CD-ROM (4 3/4 in.)</subfield>
      </datafield>
      <datafield tag="336" ind1=" " ind2=" ">
         <subfield code="a">text</subfield>
         <subfield code="2">rdacontent</subfield>
      </datafield>
      <datafield tag="336" ind1=" " ind2=" ">
         <subfield code="a">still image</subfield>
         <subfield code="b">sti</subfield>
         <subfield code="2">rdacontent</subfield>
      </datafield>
      <datafield tag="337" ind1=" " ind2=" ">
         <subfield code="a">unmediated</subfield>
         <subfield code="2">rdamedia</subfield>
      </datafield>
      <datafield tag="337" ind1=" " ind2=" ">
         <subfield code="a">computer</subfield>
         <subfield code="2">rdamedia</subfield>
      </datafield>
      <datafield tag="338" ind1=" " ind2=" ">
         <subfield code="a">volume</subfield>
         <subfield code="2">rdacarrier</subfield>
      </datafield>
      <datafield tag="338" ind1=" " ind2=" ">
         <subfield code="a">computer disc</subfield>
         <subfield code="2">rdacarrier</subfield>
      </datafield>
      <datafield tag="490" ind1="1" ind2=" ">
         <subfield code="a">Orientalische Religionen in der Antike = Oriental religions in antiquity,</subfield>
         <subfield code="x">1869-0513 ;</subfield>
         <subfield code="v">6</subfield>
      </datafield>
      <datafield tag="500" ind1=" " ind2=" ">
         <subfield code="a">International conference proceedings, 2008, Heidelberg.</subfield>
      </datafield>
      <datafield tag="546" ind1=" " ind2=" ">
         <subfield code="a">8 German, 6 English, 3 French contributions; contains texts in Egyptian.</subfield>
      </datafield>
      <datafield tag="504" ind1=" " ind2=" ">
         <subfield code="a">Includes bibliographical references and indexes.</subfield>
      </datafield>
      <datafield tag="505" ind1="0" ind2="0">
         <subfield code="t">Einleitung /</subfield>
         <subfield code="r">Joachim Friedrich Quack --</subfield>
         <subfield code="t">À propos d'un nouvel exemplaire du ritual journalier pour Soknebtynis (phiéraTeb SCA 2979 et autres variantes) /</subfield>
         <subfield code="r">Ivan Guermeur --</subfield>
         <subfield code="t">Two Ritual Papyri for Sobek of Krokodilopolis /</subfield>
         <subfield code="r">Alexandra von Lieven --</subfield>
         <subfield code="t">Götter als Ritualisten. Zu einem speziellen Typ der Opfer- und Verehrungsszenen in ägyptischen Tempeln /</subfield>
         <subfield code="r">Holger Kockelmann --</subfield>
         <subfield code="t">Das Ritual "Errichten des Ka-Symbols der Sehenet-kapelle (s'ḥ' k' sḥn.t)" in der griechisch-römischen Zeit Ägyptens /</subfield>
         <subfield code="r">Frank Feder --</subfield>
         <subfield code="t">Le rituel de de la confirmation du pouvoir royal en images : le lâcher des oiseaux vivants /</subfield>
         <subfield code="r">Laetitia Martzolff --</subfield>
         <subfield code="t">Eine Götterinvokation mit Fürbitte für Pharao und den Apisstier (Ostrakon Hor 18) /</subfield>
         <subfield code="r">Joachim Friedrich Quack --</subfield>
         <subfield code="t">Der demotische Papyrus Wien D 6951 /</subfield>
         <subfield code="r">Friedhelm Hoffmann --</subfield>
         <subfield code="t">Words and writing in Demotic ritual texts from Soknopaiou Nesos /</subfield>
         <subfield code="r">Ghislaine Widmer --</subfield>
         <subfield code="t">Bodl. Ms. Egypt a 3 (P) and the interface between temple cult and cult of the dead /</subfield>
         <subfield code="r">Mark Smith --</subfield>
         <subfield code="t">La mise en écrit du rituel dans le P. Princeton Pharaonic Roll 10 /</subfield>
         <subfield code="r">Sandrine Vuilleumier --</subfield>
         <subfield code="t">The Artemis liturgical papyrus /</subfield>
         <subfield code="r">Jacco Dieleman --</subfield>
         <subfield code="t">Frauen im Tempel. Zur Frage der Ritualakteure in den "Klageliedern von Isis und Nephthys" /</subfield>
         <subfield code="r">Andrea Kucharek --</subfield>
         <subfield code="t">Bemerkungen zum Balsamierungsritual nach den Papyri Boulaq III und Louvre E 5158 /</subfield>
         <subfield code="r">Susanne Töpfer --</subfield>
         <subfield code="t">Zur Aussagekraft von Verklärungssprüchen der Totenliteratur über den Vollzug konkreter Bestattungsriten in in griechisch-römischer Zeit /</subfield>
         <subfield code="r">Andreas Pries --</subfield>
         <subfield code="t">Topography-related problems in Apis embalming ritual /</subfield>
         <subfield code="r">Pierre Meyrat --</subfield>
         <subfield code="t">The frst column of the Apis embalming ritual papyrus Zagreb 597-2 /</subfield>
         <subfield code="r">Pierre Meyrat --</subfield>
         <subfield code="t">"Opfer nach griechischer Art führten sie in Esangila aus". Kult und Ritual im hellenistischen Mesopotamien zwischen Tradition und Wandel /</subfield>
         <subfield code="r">Claus Ambos.</subfield>
      </datafield>
      <datafield tag="500" ind1=" " ind2=" ">
         <subfield code="a">Accompanying CD-ROM entitled: Papyrus-Fotos.</subfield>
      </datafield>
      <datafield tag="520" ind1="2" ind2=" ">
         <subfield code="a">There is an abundance of preserved Egyptian rituals which are characterized as much by their variety (temple cult, private use for the living and the dead) as they are by the wide range of levels of language development and writing systems which originated in Egypt during the Greco-Roman Period(approximately 330 BC to 200 AD). The articles in this volume deal with various aspects of this subject and are enhanced by a study of simultaneous phenomena in Mesopotamia.</subfield>
      </datafield>
      <datafield tag="651" ind1=" " ind2="0">
         <subfield code="a">Egypt</subfield>
         <subfield code="x">Religion</subfield>
         <subfield code="y">332 B.C.-640 A.D.</subfield>
         <subfield code="v">Congresses.</subfield>
      </datafield>
      <datafield tag="650" ind1=" " ind2="0">
         <subfield code="a">Ritual</subfield>
         <subfield code="z">Egypt</subfield>
         <subfield code="v">Congresses.</subfield>
      </datafield>
      <datafield tag="650" ind1=" " ind2="0">
         <subfield code="a">Egyptian language</subfield>
         <subfield code="x">Papyri</subfield>
         <subfield code="v">Congresses.</subfield>
      </datafield>
      <datafield tag="651" ind1=" " ind2="0">
         <subfield code="a">Egypt</subfield>
         <subfield code="x">Civilization</subfield>
         <subfield code="y">332 B.C.-638 A.D.</subfield>
         <subfield code="v">Congresses.</subfield>
      </datafield>
      <datafield tag="650" ind1=" " ind2="7">
         <subfield code="a">Civilization.</subfield>
         <subfield code="2">fast</subfield>
         <subfield code="0">(OCoLC)fst00862898</subfield>
      </datafield>
      <datafield tag="650" ind1=" " ind2="7">
         <subfield code="a">Religion.</subfield>
         <subfield code="2">fast</subfield>
         <subfield code="0">(OCoLC)fst01093763</subfield>
      </datafield>
      <datafield tag="650" ind1=" " ind2="7">
         <subfield code="a">Ritual.</subfield>
         <subfield code="2">fast</subfield>
         <subfield code="0">(OCoLC)fst01098241</subfield>
      </datafield>
      <datafield tag="651" ind1=" " ind2="7">
         <subfield code="a">Egypt.</subfield>
         <subfield code="2">fast</subfield>
         <subfield code="0">(OCoLC)fst01208755</subfield>
      </datafield>
      <datafield tag="648" ind1=" " ind2="7">
         <subfield code="a">332 B.C. - 640 A.D.</subfield>
         <subfield code="2">fast</subfield>
      </datafield>
      <datafield tag="655" ind1=" " ind2="7">
         <subfield code="a">Conference papers and proceedings.</subfield>
         <subfield code="2">fast</subfield>
         <subfield code="0">(OCoLC)fst01423772</subfield>
      </datafield>
      <datafield tag="700" ind1="1" ind2=" ">
         <subfield code="a">Quack, Joachim Friedrich,</subfield>
         <subfield code="d">1966-</subfield>
      </datafield>
      <datafield tag="830" ind1=" " ind2="0">
         <subfield code="a">Orientalische Religionen in der Antike ;</subfield>
         <subfield code="v">6.</subfield>
      </datafield>
      <datafield tag="994" ind1=" " ind2=" ">
         <subfield code="a">Z0</subfield>
         <subfield code="b">ZYU</subfield>
      </datafield>
      <datafield tag="OWN" ind1=" " ind2=" ">
         <subfield code="a">GENERAL</subfield>
      </datafield>
      <datafield tag="AVA" ind1=" " ind2=" ">
         <subfield code="a">NYU50</subfield>
         <subfield code="b">NISAW</subfield>
         <subfield code="c">Small Collection</subfield>
         <subfield code="d">BL2455 .A39 2014</subfield>
         <subfield code="e">available</subfield>
         <subfield code="t">Available</subfield>
         <subfield code="f">1</subfield>
         <subfield code="g">0</subfield>
         <subfield code="h">N</subfield>
         <subfield code="i">0</subfield>
         <subfield code="j">SMALL</subfield>
         <subfield code="k">0</subfield>
      </datafield>
      <marc:datafield tag="852" ind1=" " ind2=" ">
         <marc:subfield code="b">Institute for the Study of the Ancient World, </marc:subfield>
         <marc:subfield code="c">Small Collection</marc:subfield>
         <marc:subfield code="e">15 East 84th St., </marc:subfield>
         <marc:subfield code="e">New York, NY  10028</marc:subfield>
      </marc:datafield>
   </record>